%% This BibTeX bibliography file was created using BibDesk.
%% http://bibdesk.sourceforge.net/


%% Created for Simon Charlow at 2015-02-07 14:49:00 -0500 


%% Saved with string encoding Unicode (UTF-8) 



@article{Winter:2004,
	Author = {Winter, Yoad},
	Date-Added = {2015-02-07 19:44:57 +0000},
	Date-Modified = {2015-02-07 19:48:36 +0000},
	Doi = {10.1007/s11168-004-0909-1},
	Issn = {1570-7075},
	Journal = {Research on Language and Computation},
	Keywords = {Functional readings; Generalized quantifiers; Indefinites; Scope},
	Language = {English},
	Number = {3},
	Pages = {331-363},
	Publisher = {Kluwer Academic Publishers},
	Title = {{Functional Quantification}},
	Volume = {2},
	Year = {2004},
	Bdsk-Url-1 = {http://dx.doi.org/10.1007/s11168-004-0909-1}}

@article{Watanabe:1992,
	Author = {Watanabe, Akira},
	Date-Added = {2015-02-06 15:46:58 +0000},
	Date-Modified = {2015-02-06 15:47:08 +0000},
	Doi = {10.1007/BF00130554},
	Issn = {0925-8558},
	Journal = {Journal of East Asian Linguistics},
	Language = {English},
	Number = {3},
	Pages = {255-291},
	Publisher = {Kluwer Academic Publishers},
	Title = {Subjacency and {S}-structure movement of wh-in-situ},
	Volume = {1},
	Year = {1992},
	Bdsk-Url-1 = {http://dx.doi.org/10.1007/BF00130554}}

@article{BarwiseCooper:1981,
	Author = {Jon Barwise and Robin Cooper},
	Date-Added = {2015-02-06 15:31:54 +0000},
	Date-Modified = {2015-02-06 15:32:08 +0000},
	Doi = {10.1007/BF00350139},
	Issn = {0165-0157},
	Journal = {Linguistics and Philosophy},
	Language = {English},
	Number = {2},
	Pages = {159-219},
	Publisher = {Kluwer Academic Publishers},
	Title = {Generalized quantifiers and natural language},
	Volume = {4},
	Year = {1981},
	Bdsk-Url-1 = {http://dx.doi.org/10.1007/BF00350139}}

@misc{Fintel:1999,
	Author = {Kai von Fintel},
	Date-Added = {2015-02-05 19:42:12 +0000},
	Date-Modified = {2015-02-05 19:43:01 +0000},
	Howpublished = {{Talk presented at the Cornell Context-Dependence Conference}},
	Month = {March 28},
	Title = {{Quantifier Domain Selection and Pseudo-Scope}},
	Year = {1999}}

@inproceedings{Romero:1999,
	Address = {Ithaca, NY},
	Author = {Maribel Romero},
	Booktitle = {{Proceedings of Semantics and Linguistic Theory 9}},
	Date-Added = {2015-02-05 19:10:24 +0000},
	Date-Modified = {2015-02-05 19:11:43 +0000},
	Editor = {Tanya Matthews and Devon Strolovitch},
	Pages = {255-272},
	Publisher = {Cornell University},
	Title = {{Intensional Choice Functions for \emph{Which} Phrases}},
	Year = {1999}}

@article{Kobele:2010,
	Author = {Gregory M. Kobele},
	Date-Added = {2015-02-05 16:27:17 +0000},
	Date-Modified = {2015-02-05 16:27:31 +0000},
	Doi = {10.1007/s11050-009-9053-7},
	Issn = {0925-854X},
	Journal = {Natural Language Semantics},
	Keywords = {Inverse linking; Variable capture; Quantifier raising; Pronouns as variables},
	Language = {English},
	Number = {2},
	Pages = {183-196},
	Publisher = {Springer Netherlands},
	Title = {Inverse linking via function composition},
	Volume = {18},
	Year = {2010},
	Bdsk-Url-1 = {http://dx.doi.org/10.1007/s11050-009-9053-7}}

@incollection{Montague:UG,
	Address = {New Haven},
	Author = {Richard Montague},
	Booktitle = {{Formal Philosophy}},
	Chapter = {7},
	Date-Added = {2015-02-05 16:21:45 +0000},
	Date-Modified = {2015-02-05 16:25:01 +0000},
	Editor = {Richmond Thomason},
	Pages = {222-246},
	Publisher = {Yale University Press},
	Title = {{Universal Grammar}},
	Year = {1974}}

@incollection{Poesio:1996,
	Address = {Stanford},
	Author = {Massimo Poesio},
	Booktitle = {{Semantic Ambiguity and Underspecification}},
	Date-Added = {2015-01-30 22:01:22 +0000},
	Date-Modified = {2015-01-30 22:04:50 +0000},
	Editor = {Kees van Deemter and Stanley Peters},
	Number = {55},
	Pages = {159-201},
	Publisher = {CSLI Publications},
	Series = {CSLI Lecture Notes},
	Title = {{Semantic Ambiguity and Perceived Ambiguity}},
	Year = {1996}}

@article{Heusinger:2004,
	Author = {Klaus von Heusinger},
	Date-Added = {2015-01-27 18:56:52 +0000},
	Date-Modified = {2015-01-27 18:57:12 +0000},
	Doi = {10.1007/s11168-004-0904-6},
	Issn = {1570-7075},
	Journal = {Research on Language and Computation},
	Keywords = {anaphora; choice functions; context change; contextual salience; definite NPs; semantics},
	Language = {English},
	Number = {3},
	Pages = {309-329},
	Publisher = {Kluwer Academic Publishers},
	Title = {{Choice Functions and the Anaphoric Semantics of Definite NPs}},
	Volume = {2},
	Year = {2004},
	Bdsk-Url-1 = {http://dx.doi.org/10.1007/s11168-004-0904-6}}

@unpublished{RoothDong,
	Author = {Mats Rooth and Hongyuan Dong},
	Date-Added = {2015-01-21 11:52:56 +0000},
	Date-Modified = {2015-01-21 11:53:50 +0000},
	Note = {Poster presented at Semantics and Linguistic Theory 21},
	Title = {{A Recursive Phonology Interface for WH-F Alternative Semantics}},
	Year = {2011}}

@article{Hamblin:1958,
	Author = {Hamblin, C. L.},
	Date-Added = {2015-01-21 04:30:22 +0000},
	Date-Modified = {2015-01-21 04:31:08 +0000},
	Doi = {10.1080/00048405885200211},
	Journal = {Australasian Journal of Philosophy},
	Number = {3},
	Pages = {159-168},
	Title = {Questions},
	Volume = {36},
	Year = {1958},
	Bdsk-Url-1 = {http://dx.doi.org/10.1080/00048405885200211}}

@article{Karttunen:1977,
	Author = {Karttunen, Lauri},
	Date-Added = {2015-01-19 17:11:49 +0000},
	Date-Modified = {2015-01-19 17:12:13 +0000},
	Doi = {10.1007/BF00351935},
	Issn = {0165-0157},
	Journal = {Linguistics and Philosophy},
	Language = {English},
	Number = {1},
	Pages = {3-44},
	Publisher = {Kluwer Academic Publishers},
	Title = {Syntax and semantics of questions},
	Volume = {1},
	Year = {1977},
	Bdsk-Url-1 = {http://dx.doi.org/10.1007/BF00351935}}

@inproceedings{Zimmermann:1991,
	Author = {Zimmermann, Thomas Ede},
	Booktitle = {{Quantification and Anaphora I {\rm (DYANA Deliverable R2.2.A)}}},
	Date-Added = {2015-01-18 17:47:30 +0000},
	Date-Modified = {2015-01-18 17:50:42 +0000},
	Editor = {Martin Stokhof and Jeroen Groenendijk and David Beaver},
	Pages = {191-195},
	Title = {Dynamic logic and case quantification},
	Year = {1991}}

@article{Beck:2006,
	Author = {Beck, Sigrid},
	Date-Added = {2015-01-17 19:15:37 +0000},
	Date-Modified = {2015-01-17 19:15:48 +0000},
	Doi = {10.1007/s11050-005-4532-y},
	Issn = {0925-854X},
	Journal = {Natural Language Semantics},
	Language = {English},
	Number = {1},
	Pages = {1-56},
	Publisher = {Kluwer Academic Publishers},
	Title = {{Intervention Effects Follow from Focus Interpretation}},
	Volume = {14},
	Year = {2006},
	Bdsk-Url-1 = {http://dx.doi.org/10.1007/s11050-005-4532-y}}

@phdthesis{AnderBois:2011,
	Author = {Scott AnderBois},
	Date-Added = {2015-01-13 20:09:55 +0000},
	Date-Modified = {2015-01-13 20:12:37 +0000},
	School = {University of California, Santa Cruz},
	Title = {Issues and alternatives},
	Type = {{Ph.D. thesis}},
	Year = {2011}}

@inproceedings{CiardelliRoelofsen:2015,
	Author = {Ivano Ciardelli and Floris Roelofsen},
	Booktitle = {{Proceedings of Sinn und Bedeutung 19}},
	Date-Added = {2015-01-13 18:43:52 +0000},
	Date-Modified = {2015-01-17 17:20:36 +0000},
	Pages = {xx-xx},
	Title = {{Alternatives in Montague Grammar}},
	Year = {to appear}}

@incollection{Sternefeld:2001:rec,
	Address = {Stanford},
	Author = {Wolfgang Sternefeld},
	Booktitle = {{Linguistic Form and its Computation}},
	Date-Added = {2015-01-09 17:46:43 +0000},
	Date-Modified = {2015-01-09 17:51:07 +0000},
	Editor = {Christian Rohrer and Antje Ro{\ss}deutscher and Hans Kamp},
	Pages = {145--182},
	Publisher = {CSLI Publications},
	Title = {{Semantic vs. Syntactic Reconstruction}},
	Year = {2001}}

@techreport{Sternefeld:1998,
	Author = {Wolfgang Sternefeld},
	Date-Added = {2015-01-09 17:42:20 +0000},
	Date-Modified = {2015-01-09 17:45:35 +0000},
	Institution = {Universit\"at T\"ubingen and Universit\"at Stuttgart, Germany},
	Title = {The semantics of reconstruction and connectivity},
	Type = {{Arbeitspapier 97, SFB 340.}},
	Year = {1998}}

@incollection{RomeroNovel:2013,
	Address = {Houndsmills, Basingstoke, Hampshire},
	Author = {Maribel Romero and Novel, Marc},
	Booktitle = {{Alternatives in Semantics}},
	Chapter = {7},
	Date-Added = {2015-01-08 19:58:19 +0000},
	Date-Modified = {2015-01-08 20:27:27 +0000},
	Editor = {Anamaria F\u{a}l\u{a}u\cb{s}},
	Pages = {174-208},
	Publisher = {Palgrave Macmillan},
	Title = {{Variable Binding and Sets of Alternatives}},
	Year = {2013}}

@article{Bumford:inc,
	Author = {Bumford, Dylan},
	Date-Added = {2015-01-08 19:37:52 +0000},
	Date-Modified = {2015-01-08 19:41:27 +0000},
	Journal = {{Semantics \& Pragmatics}},
	Number = {9},
	Title = {Incremental quantication and the dynamics of pair-list phenomena},
	Volume = {8},
	Year = {to appear}}

@article{Huang:1982a,
	Author = {Huang, C.-T. James},
	Date-Added = {2015-01-08 18:53:49 +0000},
	Date-Modified = {2015-01-08 18:55:44 +0000},
	Doi = {10.1515/tlir.1982.1.4.369},
	Journal = {{The Linguistic Review}},
	Month = {January},
	Number = {4},
	Pages = {369-416},
	Title = {Move wh in a language without wh movement},
	Volume = {1},
	Year = {1982},
	Bdsk-Url-1 = {http://dx.doi.org/10.1515/tlir.1982.1.4.369}}

@phdthesis{Huang:1982,
	Author = {Huang, C.-T. James},
	Date-Added = {2015-01-08 18:49:53 +0000},
	Date-Modified = {2015-01-08 18:51:22 +0000},
	School = {Massachusetts Institute of Technology},
	Title = {{Logical Relations in Chinese and the Theory of Grammar}},
	Type = {{Ph.D. thesis}},
	Year = {1982}}

@inproceedings{Ramchand:1997,
	Address = {Amherst, MA},
	Author = {Gillian Ramchand},
	Booktitle = {{Proceedings of the North East Linguistic Society 27}},
	Date-Added = {2015-01-08 18:45:59 +0000},
	Date-Modified = {2015-01-08 18:48:26 +0000},
	Editor = {Kiyomi Kusumoto},
	Pages = {383-396},
	Publisher = {GLSA},
	Title = {{Questions, Polarity and Alternative Semantics}},
	Year = {1997}}

@incollection{Krifka:2011,
	Address = {Berlin},
	Author = {Manfred Krifka},
	Booktitle = {{Semantics: An International Handbook of Natural Language Meaning}},
	Chapter = {66},
	Date-Added = {2015-01-08 18:29:36 +0000},
	Date-Modified = {2015-01-08 18:33:52 +0000},
	Doi = {10.1515/9783110255072.1742},
	Editor = {Klaus von Heusinger and Claudia Maienborn and Paul Portner},
	Pages = {1742-1785},
	Publisher = {de Gruyter},
	Title = {Questions},
	Volume = {33 (HSK 2)},
	Year = {2011},
	Bdsk-Url-1 = {http://dx.doi.org/10.1515/9783110255072.1742}}

@book{Dayal:book,
	Address = {Oxford},
	Author = {Dayal, Veneeta},
	Date-Added = {2015-01-08 18:28:18 +0000},
	Date-Modified = {2015-01-08 18:29:00 +0000},
	Publisher = {Oxford University Press},
	Title = {Questions},
	Year = {to appear}}

@incollection{Kratzer:2005,
	Address = {Stanford},
	Author = {Angelika Kratzer},
	Booktitle = {{Reference and Quantification: The Partee Effect}},
	Date-Added = {2015-01-08 18:21:45 +0000},
	Date-Modified = {2015-01-14 17:44:48 +0000},
	Editor = {Gregory N. Carlson and Francis Jeffry Pelletier},
	Pages = {113-142},
	Publisher = {CSLI Publications},
	Title = {{Indefinites and the Operators they Depend on: From Japanese to Salish}},
	Year = {2005}}

@inproceedings{Yanovich:2005,
	Address = {Ithaca, NY},
	Author = {Igor Yanovich},
	Booktitle = {{Proceedings of Semantics and Linguistic Theory 15}},
	Date-Added = {2015-01-08 18:19:28 +0000},
	Date-Modified = {2015-01-08 18:21:33 +0000},
	Editor = {Effi Georgala and Jonathan Howell},
	Pages = {309-326},
	Publisher = {Cornell University},
	Title = {{Choice-functional Series of Indefinite Pronouns and Hamblin Semantics}},
	Year = {2005}}

@unpublished{Heim:2000,
	Author = {Irene Heim},
	Date-Added = {2015-01-05 03:26:13 +0000},
	Date-Modified = {2015-01-05 03:31:44 +0000},
	Note = {Unpublished lecture notes},
	Title = {{Notes on Interrogative Semantics}},
	Year = {2000}}

@incollection{Sternefeld:2001,
	Address = {Berlin},
	Author = {Wolfgang Sternefeld},
	Booktitle = {{Audiatur vox wapientiae---A festschrift for Arnim von Stechow}},
	Date-Added = {2015-01-05 03:16:17 +0000},
	Date-Modified = {2015-01-05 03:19:40 +0000},
	Editor = {Caroline Fery and Wolfgang Sternefeld},
	Pages = {473-486},
	Publisher = {Akademie Verlag},
	Title = {{Partial Movement Constructions, Pied Piping, and Higher Order Choice Functions}},
	Year = {2001}}

@article{Stechow:1996,
	Author = {von Stechow, Arnim},
	Date-Added = {2015-01-05 03:08:59 +0000},
	Date-Modified = {2015-01-05 03:09:12 +0000},
	Doi = {10.1007/BF00263537},
	Issn = {0925-854X},
	Journal = {Natural Language Semantics},
	Language = {English},
	Number = {1},
	Pages = {57-110},
	Publisher = {Kluwer Academic Publishers},
	Title = {{Against LF Pied-Piping}},
	Volume = {4},
	Year = {1996},
	Bdsk-Url-1 = {http://dx.doi.org/10.1007/BF00263537}}

@book{Nishigauchi:1990,
	Address = {Dordrecht},
	Author = {Taisuke Nishigauchi},
	Date-Added = {2015-01-05 03:01:48 +0000},
	Date-Modified = {2015-01-05 03:05:59 +0000},
	Doi = {10.1007/978-94-009-1972-3},
	Publisher = {Kluwer Academic Publishers},
	Title = {{Quantification in the Theory of Grammar}},
	Year = {1990},
	Bdsk-Url-1 = {http://dx.doi.org/10.1007/978-94-009-1972-3}}

@incollection{Heim:1983:FCS,
	Address = {Berlin},
	Author = {Irene Heim},
	Booktitle = {{Meaning, Use and Interpretation of Language}},
	Date-Added = {2015-01-04 19:26:08 +0000},
	Date-Modified = {2015-01-04 19:31:16 +0000},
	Editor = {Rainer B\"auerle and Christoph Schwarze and Arnim von Stechow},
	Pages = {164-190},
	Publisher = {Walter de Gruyter},
	Title = {{File Change Semantic and the Familiarity Theory of Definiteness}},
	Year = {1983}}

@phdthesis{Charlow:diss,
	Author = {Simon Charlow},
	Date-Added = {2015-01-04 19:17:12 +0000},
	Date-Modified = {2015-01-04 19:17:48 +0000},
	School = {New York University},
	Title = {On the semantics of exceptional scope},
	Type = {{Ph.D. thesis}},
	Year = {2014}}

@inproceedings{Dekker:1994,
	Address = {Ithaca, NY},
	Author = {Paul Dekker},
	Booktitle = {{Proceedings of Semantics and Linguistic Theory 4}},
	Date-Added = {2015-01-04 19:06:45 +0000},
	Date-Modified = {2015-01-04 19:09:04 +0000},
	Editor = {Mandy Harvey and Lynn Santelmann},
	Pages = {79-95},
	Publisher = {Cornell University},
	Title = {{Predicate Logic with Anaphora}},
	Year = {1994}}

@incollection{Rizzi:1997,
	Author = {Rizzi, Luigi},
	Booktitle = {{Elements of Grammar}},
	Date-Added = {2014-09-11 03:26:04 +0000},
	Date-Modified = {2014-09-11 03:27:09 +0000},
	Doi = {10.1007/978-94-011-5420-8_7},
	Editor = {Haegeman, Liliane},
	Isbn = {978-0-7923-4298-4},
	Language = {English},
	Pages = {281-337},
	Publisher = {Springer Netherlands},
	Series = {Kluwer International Handbooks of Linguistics},
	Title = {{The Fine Structure of the Left Periphery}},
	Year = {1997},
	Bdsk-Url-1 = {http://dx.doi.org/10.1007/978-94-011-5420-8_7}}

@article{Szabo:2011,
	Author = {Zolt\'an Gendler Szab\'o},
	Date-Added = {2014-09-04 17:39:25 +0000},
	Date-Modified = {2014-09-04 17:40:56 +0000},
	Doi = {10.1215/00318108-2010-029},
	Journal = {{Philosophical Review}},
	Number = {2},
	Pages = {247-283},
	Title = {{Bare Quantifiers}},
	Volume = {120},
	Year = {2011},
	Bdsk-Url-1 = {http://dx.doi.org/10.1215/00318108-2010-029}}

@article{BachCooper:1978,
	Author = {Bach, Emmon and Cooper, Robin},
	Date-Added = {2014-09-04 05:29:40 +0000},
	Date-Modified = {2014-09-04 05:29:47 +0000},
	Doi = {10.1007/BF00365132},
	Issn = {0165-0157},
	Journal = {Linguistics and Philosophy},
	Language = {English},
	Number = {1},
	Pages = {145-150},
	Publisher = {Kluwer Academic Publishers},
	Title = {{The NP-S analysis of relative clauses and compositional semantics}},
	Url = {http://dx.doi.org/10.1007/BF00365132},
	Volume = {2},
	Year = {1978},
	Bdsk-Url-1 = {http://dx.doi.org/10.1007/BF00365132}}

@book{Pierce:2002,
	Address = {Cambridge, MA},
	Author = {Benjamin C. Pierce},
	Date-Added = {2014-08-08 20:39:28 +0000},
	Date-Modified = {2014-08-08 20:40:16 +0000},
	Publisher = {MIT Press},
	Title = {{Types and Programming Languages}},
	Year = {2002}}

@inproceedings{Ljunglof:2000,
	Author = {Ljungl\"of, Peter},
	Booktitle = {{Proceedings of Gotalog 2000: The 4th Workshop on the Semantics and Pragmatics of Dialogue}},
	Date-Added = {2014-07-29 22:40:12 +0000},
	Date-Modified = {2014-07-29 22:51:43 +0000},
	Editor = {Massimo Poesio and David Traum},
	Number = {00-5},
	Pages = {207-210},
	Series = {Gothenburg Papers in Computational Linguistics},
	Title = {{Formalizing the Dialogue Move Engine}},
	Year = {2000}}

@incollection{Szabolcsi:1989,
	Address = {Dordrecht},
	Author = {Anna Szabolcsi},
	Booktitle = {{Semantics and Contextual Expressions}},
	Date-Added = {2014-07-28 21:53:14 +0000},
	Date-Modified = {2014-07-28 21:55:04 +0000},
	Editor = {Renate Bartsch and Johan van Bentham and Peter van Emde Boas},
	Pages = {295-318},
	Publisher = {Foris},
	Title = {Bound variables in syntax (are there any?)},
	Year = {1989}}

@incollection{Rooth:1996,
	Address = {Oxford},
	Author = {Mats Rooth},
	Booktitle = {{The Handbook of Contemporary Semantic Theory}},
	Date-Added = {2014-07-26 15:50:58 +0000},
	Date-Modified = {2014-07-26 15:52:09 +0000},
	Editor = {Shalom Lappin},
	Pages = {271-298},
	Publisher = {Blackwell},
	Title = {Focus},
	Year = {1996}}

@incollection{Krifka:2006,
	Author = {Manfred Krifka},
	Booktitle = {{The Architecture of Focus}},
	Date-Added = {2014-07-26 15:47:05 +0000},
	Date-Modified = {2014-07-26 15:50:46 +0000},
	Editor = {Val\'eria Moln\'ar and Susanne Winkler},
	Pages = {105-136},
	Publisher = {Mouton de Gruyter},
	Title = {{Association with Focus Phrases}},
	Year = {2006}}

@article{Mayr:2012,
	Author = {Clemens Mayr},
	Date-Added = {2014-07-20 15:06:10 +0000},
	Date-Modified = {2014-07-20 15:07:26 +0000},
	Doi = {10.1007/s11050-012-9083-4},
	Journal = {{Natural Language Semantics}},
	Number = {3},
	Pages = {299-348},
	Title = {{Focusing bound pronouns}},
	Volume = {20},
	Year = {2012},
	Bdsk-Url-1 = {http://dx.doi.org/10.1007/s11050-012-9083-4}}

@inproceedings{Krifka:1991,
	Address = {Ithaca, NY},
	Author = {Manfred Krifka},
	Booktitle = {{Proceedings of Semantics and Linguistic Theory 1}},
	Date-Added = {2014-07-20 02:28:36 +0000},
	Date-Modified = {2014-07-20 02:31:16 +0000},
	Editor = {Steve Moore and Adam Wyner},
	Pages = {127-158},
	Publisher = {Cornell University},
	Title = {{A Compositional Semantics for Multiple Focus Constructions}},
	Year = {1991}}

@techreport{Moggi:1990,
	Author = {Moggi, Eugenio},
	Date-Added = {2014-07-17 12:14:13 +0000},
	Date-Modified = {2014-07-17 12:15:06 +0000},
	Institution = {Laboratory for Foundations of Computer Science, Department of Computer Science, University of Edinburgh},
	Number = {ECS-LFCS-90-113},
	Title = {An abstract view of programming languages},
	Year = {1990}}

@article{Lewis:1970,
	Author = {Lewis, David},
	Date-Added = {2014-07-16 12:12:25 +0000},
	Date-Modified = {2014-07-16 12:12:31 +0000},
	Doi = {10.1007/BF00413598},
	Issn = {0039-7857},
	Journal = {Synthese},
	Language = {English},
	Number = {1-2},
	Pages = {18-67},
	Publisher = {Kluwer Academic Publishers},
	Title = {General semantics},
	Volume = {22},
	Year = {1970},
	Bdsk-Url-1 = {http://dx.doi.org/10.1007/BF00413598}}

@unpublished{Charlow:2011,
	Author = {Simon Charlow},
	Date-Added = {2014-07-14 10:40:03 +0000},
	Date-Modified = {2014-07-14 10:40:26 +0000},
	Note = {Unpublished ms.},
	Title = {Codetermination},
	Year = {2011}}

@article{Schlenker:2011d,
	Author = {Philippe Schlenker},
	Date-Added = {2014-07-13 20:45:57 +0000},
	Date-Modified = {2014-07-13 20:47:48 +0000},
	Journal = {Snippets},
	Month = {May},
	Number = {5},
	Pages = {13-15},
	Title = {{Singular Pronouns with Split Antecedents}},
	Volume = {23},
	Year = {2011}}

@incollection{Szabolcsi:1997,
	Address = {Dordrecht},
	Author = {Anna Szabolcsi},
	Booktitle = {{Ways of Scope Taking}},
	Chapter = {4},
	Date-Added = {2014-07-13 16:53:19 +0000},
	Date-Modified = {2014-07-13 16:59:14 +0000},
	Editor = {Anna Szabolcsi},
	Pages = {109-154},
	Publisher = {Kluwer Academic Publishers},
	Title = {{Strategies for Scope Taking}},
	Year = {1997}}

@phdthesis{Winter:1998,
	Author = {Winter, Yoad},
	Date-Added = {2014-07-13 16:35:34 +0000},
	Date-Modified = {2014-07-13 16:36:03 +0000},
	School = {Utrecht University},
	Title = {{Flexible Boolean semantics}},
	Type = {{Ph.D. thesis}},
	Year = {1998}}

@incollection{Szabolcsi:2011,
	Address = {Berlin},
	Author = {Anna Szabolcsi},
	Booktitle = {{Semantics: An International Handbook of Natural Language Meaning}},
	Chapter = {62},
	Date-Added = {2014-07-13 06:14:40 +0000},
	Date-Modified = {2014-07-13 06:25:09 +0000},
	Doi = {10.1515/9783110255072.1605},
	Editor = {Klaus von Heusinger and Claudia Maienborn and Paul Portner},
	Pages = {1605-1641},
	Publisher = {de Gruyter},
	Title = {{Scope and binding}},
	Volume = {33 (HSK 2)},
	Year = {2011},
	Bdsk-Url-1 = {http://dx.doi.org/10.1515/9783110255072.1605}}

@book{Vaananen:2007,
	Address = {New York},
	Author = {Juokko V\"a\"an\"anen},
	Date-Added = {2014-07-12 18:09:10 +0000},
	Date-Modified = {2014-07-12 18:10:08 +0000},
	Publisher = {Cambridge University Press},
	Title = {{Dependence Logic: A New Approach to Independence Friendly Logic}},
	Year = {2007}}

@book{Hintikka:1973,
	Address = {Oxford},
	Author = {Jaakko Hintikka},
	Date-Added = {2014-07-12 18:08:13 +0000},
	Date-Modified = {2014-07-12 18:09:06 +0000},
	Publisher = {Clarendon Press},
	Title = {{Logic, Language-Games and Information}},
	Year = {1973}}

@unpublished{Charlow:2010,
	Author = {Simon Charlow},
	Date-Added = {2014-07-12 16:48:04 +0000},
	Date-Modified = {2014-07-12 16:48:26 +0000},
	Note = {Unpublished ms.},
	Title = {{Two kinds of binding out of DP}},
	Year = {2010}}

@book{Steedman:2000,
	Address = {Cambridge, MA},
	Author = {Mark Steedman},
	Date-Added = {2014-07-11 19:06:46 +0000},
	Date-Modified = {2014-07-11 19:07:08 +0000},
	Publisher = {MIT Press},
	Title = {{The Syntactic Process}},
	Year = {2000}}

@article{Lasnik:2014,
	Author = {Howard Lasnik},
	Date-Added = {2014-07-10 20:03:27 +0000},
	Date-Modified = {2014-07-10 20:04:12 +0000},
	Doi = {10.1111/synt.12009},
	Journal = {Syntax},
	Month = {March},
	Number = {1},
	Pages = {1-20},
	Title = {{Multiple Sluicing in English?}},
	Volume = {17},
	Year = {2014},
	Bdsk-Url-1 = {http://dx.doi.org/10.1111/synt.12009}}

@article{Percus:2000,
	Author = {Percus, Orin},
	Date-Added = {2014-07-04 17:22:00 +0000},
	Date-Modified = {2014-07-04 17:22:11 +0000},
	Doi = {10.1023/A:1011298526791},
	Issn = {0925-854X},
	Journal = {Natural Language Semantics},
	Language = {English},
	Number = {3},
	Pages = {173-229},
	Publisher = {Kluwer Academic Publishers},
	Title = {{Constraints on Some Other Variables in Syntax}},
	Volume = {8},
	Year = {2000},
	Bdsk-Url-1 = {http://dx.doi.org/10.1023/A%3A1011298526791},
	Bdsk-Url-2 = {http://dx.doi.org/10.1023/A:1011298526791}}

@article{Jacobson:2000:paychecks,
	Author = {Jacobson, Pauline},
	Date-Modified = {2014-07-01 21:11:55 +0000},
	Doi = {10.1023/A:1026517717879},
	Issn = {0925-854X},
	Journal = {Natural Language Semantics},
	Language = {English},
	Number = {2},
	Pages = {77-155},
	Publisher = {Kluwer Academic Publishers},
	Title = {{Paycheck Pronouns, Bach-Peters Sentences, and Variable-Free Semantics}},
	Volume = {8},
	Year = {2000},
	Bdsk-Url-1 = {http://dx.doi.org/10.1023/A:1026517717879}}

@book{Engdahl:1986,
	Address = {Dordrecht},
	Author = {Elisabet Engdahl},
	Date-Added = {2014-07-01 20:07:37 +0000},
	Date-Modified = {2014-07-01 20:08:40 +0000},
	Publisher = {Reidel},
	Title = {{Constituent Questions}},
	Year = {1986}}

@inproceedings{Fox:1999,
	Address = {Ithaca, NY},
	Author = {Danny Fox},
	Booktitle = {{Proceedings of Semantics and Linguistic Theory 19}},
	Date-Added = {2014-06-29 16:26:56 +0000},
	Date-Modified = {2014-06-29 16:28:08 +0000},
	Editor = {Tanya Matthews and Devon Strolovitch},
	Pages = {70-90},
	Publisher = {Cornell University},
	Title = {{Focus, parallelism and accommodation}},
	Year = {1999}}

@book{Reinhart:1983,
	Address = {Chicago},
	Author = {Tanya Reinhart},
	Date-Added = {2014-06-29 16:23:28 +0000},
	Date-Modified = {2014-06-29 16:24:53 +0000},
	Publisher = {University of Chicago Press},
	Title = {{Anaphora and Semantic Interpretation}},
	Year = {1983}}

@incollection{Lewis:1975,
	Address = {Cambridge},
	Author = {David Lewis},
	Booktitle = {{Formal Semantics of Natural Language}},
	Date-Added = {2014-06-29 00:28:30 +0000},
	Date-Modified = {2014-06-29 00:30:46 +0000},
	Editor = {Edward L. Keenan},
	Pages = {3-15},
	Publisher = {Cambridge University Press},
	Title = {{Adverbs of Quantification}},
	Year = {1975}}

@inproceedings{Jacobson:1992,
	Author = {Pauline Jacobson},
	Booktitle = {{Proceedings of Semantics and Linguistic Theory 2}},
	Date-Added = {2014-06-28 18:22:03 +0000},
	Date-Modified = {2014-06-28 18:29:54 +0000},
	Editor = {Chris Barker and David Dowty},
	Pages = {193-213},
	Series = {OSU Working Papers in Linguistics 40},
	Title = {{Antecedent Contained Deletion in a Variable-Free Semantics}},
	Year = {1992}}

@article{Keenan:1971,
	Author = {Edward L. Keenan},
	Date-Added = {2014-06-28 18:20:11 +0000},
	Date-Modified = {2014-06-28 18:20:48 +0000},
	Journal = {{Research on Language \& Social Interaction}},
	Number = {2},
	Pages = {211-232},
	Title = {Names, quantifiers, and the sloppy identity problem},
	Volume = {4},
	Year = {1971}}

@inproceedings{Wadler:1992,
	Author = {Wadler, Philip},
	Booktitle = {{Mathematical Structures in Computer Science}},
	Date-Added = {2014-06-28 15:52:35 +0000},
	Date-Modified = {2014-06-28 16:04:29 +0000},
	Pages = {461-493},
	Title = {{Comprehending monads}},
	Volume = {2 ({special issue of selected papers from 6th Conference on Lisp and Functional Programming})},
	Year = {1992}}

@incollection{Szabolcsi:1992,
	Address = {Stanford},
	Author = {Anna Szabolcsi},
	Booktitle = {{Lexical Matters}},
	Date-Added = {2014-06-27 23:09:59 +0000},
	Date-Modified = {2015-01-08 18:22:38 +0000},
	Editor = {Ivan A. Sag and Anna Szabolcsi},
	Pages = {241-268},
	Publisher = {CSLI Publications},
	Title = {{Combinatory Grammar and Projection from the Lexicon}},
	Year = {1992}}

@unpublished{Charlow:2014,
	Author = {Simon Charlow},
	Date-Added = {2014-06-26 14:41:59 +0000},
	Date-Modified = {2014-06-26 14:49:07 +0000},
	Note = {Unpublished ms.},
	Title = {{Kennedy's Puzzle and Direct Interpretation}},
	Year = {2014}}

@inproceedings{Groote:2001,
	Author = {Philippe de Groote},
	Booktitle = {{Proceedings of the Thirteenth Amsterdam Colloquium}},
	Date-Added = {2014-06-25 21:09:38 +0000},
	Date-Modified = {2014-06-25 21:12:19 +0000},
	Editor = {Robert van Rooy and Martin Stokhof},
	Pages = {97-101},
	Publisher = {University of Amsterdam},
	Title = {Type raising, continuations, and classical logic},
	Year = {2001}}

@book{BarkerShan:2014,
	Address = {Oxford},
	Author = {Chris Barker and Shan, Chung-chieh},
	Date-Added = {2014-06-25 21:04:05 +0000},
	Date-Modified = {2014-06-25 21:05:01 +0000},
	Publisher = {Oxford University Press},
	Title = {{Continuations and Natural Language}},
	Year = {2014}}

@inproceedings{Jacobson:2000,
	Address = {Ithaca, NY},
	Author = {Pauline Jacobson},
	Booktitle = {{Proceedings of Semantics and Linguistic Theory 10}},
	Date-Added = {2014-06-25 15:49:16 +0000},
	Date-Modified = {2014-06-25 15:51:48 +0000},
	Editor = {Brendan Jackson and Tanya Matthews},
	Pages = {65-82},
	Publisher = {Cornell University},
	Title = {{Paychecks, Stress, and Variable-Free Semantics}},
	Year = {2000}}

@inproceedings{GiorgoloAsudeh:2012,
	Author = {Gianluca Giorgolo and Ash Asudeh},
	Booktitle = {{Proceedings of Sinn und Bedeutung 16}},
	Date-Added = {2014-06-13 20:08:14 +0000},
	Date-Modified = {2014-06-13 20:11:45 +0000},
	Editor = {Ana Aguilar Guevara and Anna Chernilovskaya and Rick Nouwen},
	Pages = {265-278},
	Publisher = {MIT Working Papers in Linguistics},
	Title = {{\AB{M,\,\uni,\,\star} Monads for Conventional Implicatures}},
	Year = {2012}}

@inproceedings{Liangetal,
	Author = {Sheng Liang and Paul Hudak and Mark Jones},
	Booktitle = {{22nd ACM Symposium on Principles of Programming Languages (POPL '95)}},
	Date-Added = {2014-06-13 16:34:22 +0000},
	Date-Modified = {2014-06-13 16:39:10 +0000},
	Pages = {333-343},
	Publisher = {ACM Press},
	Title = {{Monad Transformers and Modular Interpreters}},
	Year = {1995}}

@book{BarwisePerry:1983,
	Address = {Cambridge, MA},
	Author = {Jon Barwise and John Perry},
	Date-Added = {2014-06-10 15:15:34 +0000},
	Date-Modified = {2014-06-10 15:20:29 +0000},
	Publisher = {MIT Press},
	Title = {{Situations and Attitudes}},
	Year = {1983}}

@inproceedings{GiorgoloUnger:2009,
	Author = {Gianluca Giorgolo and Christina Unger},
	Booktitle = {{Proceedings of the 19th Meeting of Computational Linguistics in the Netherlands}},
	Date-Added = {2014-05-29 22:03:24 +0000},
	Date-Modified = {2014-05-29 22:04:54 +0000},
	Editor = {Barbara Plank and Erik Tjong Kim Sang and Tim Van de Cruys},
	Pages = {69-81},
	Title = {{Coreference without Discourse Referents}},
	Year = {2009}}

@incollection{Unger:2012,
	Author = {Unger, Christina},
	Booktitle = {{New Frontiers in Artificial Intelligence JSAI-isAI 2011}},
	Date-Modified = {2014-06-28 16:05:19 +0000},
	Doi = {10.1007/978-3-642-32090-3_7},
	Editor = {Okumura, Manabu and Bekki, Daisuke and Satoh, Ken},
	Isbn = {978-3-642-32089-7},
	Pages = {68-81},
	Publisher = {Springer Berlin Heidelberg},
	Series = {{Lecture Notes in Artificial Intelligence}},
	Title = {{Dynamic Semantics as Monadic Computation}},
	Volume = {7258},
	Year = {2012},
	Bdsk-Url-1 = {http://dx.doi.org/10.1007/978-3-642-32090-3_7}}

@article{Haug:2013,
	Author = {Dag Trygve Truslew Haug},
	Date-Added = {2014-05-29 21:56:21 +0000},
	Date-Modified = {2014-05-29 21:57:50 +0000},
	Doi = {10.1093/jos/fft008},
	Journal = {{Journal of Semantics}},
	Pages = {1-55},
	Title = {{Partial Dynamic Semantics for Anaphora: Compositionality without Syntactic Coindexation}},
	Volume = {0},
	Year = {to appear},
	Bdsk-Url-1 = {http://dx.doi.org/10.1093/jos/fft008}}

@article{Partee:1973,
	Author = {Barbara H. Partee},
	Date-Added = {2014-05-21 17:23:45 +0000},
	Date-Modified = {2014-05-21 17:26:47 +0000},
	Journal = {Journal of Philosophical Logic},
	Number = {4},
	Pages = {509-534},
	Title = {{Some transformational extensions of Montague grammar}},
	Volume = {2},
	Year = {1973}}

@inproceedings{Filinski:1999,
	Address = {San Antonio, Texas},
	Author = {Andrzej Filinski},
	Booktitle = {{Proceedings of the Twenty-Sixth Annual ACM Symposium on Principles of Programming Languages}},
	Date-Added = {2014-05-04 17:35:57 +0000},
	Date-Modified = {2014-05-04 17:38:54 +0000},
	Editor = {Alex Aiken},
	Month = {January},
	Pages = {175-188},
	Publisher = {ACM Press},
	Title = {{Representing Layered Monads}},
	Year = {1999}}

@incollection{Krifka:1999,
	Address = {Amsterdam},
	Author = {Manfred Krifka},
	Booktitle = {{The Semantics/Pragmatics Interface from Different Points of View}},
	Date-Added = {2014-05-02 20:28:41 +0000},
	Date-Modified = {2014-05-02 20:32:44 +0000},
	Editor = {Ken Turner},
	Pages = {257-291},
	Publisher = {Elsevier Science B.V.},
	Series = {{Current Research in the Semantics/Pragmatics Interface}},
	Title = {{At least some Determiners aren't Determiners}},
	Volume = {1},
	Year = {1999}}

@article{KleinSag:1985,
	Author = {Klein, Ewan and Sag, Ivan A.},
	Date-Modified = {2014-05-02 19:44:29 +0000},
	Doi = {10.1007/BF00632365},
	Issn = {0165-0157},
	Journal = {Linguistics and Philosophy},
	Language = {English},
	Number = {2},
	Pages = {163-201},
	Publisher = {Kluwer Academic Publishers},
	Title = {Type-driven translation},
	Volume = {8},
	Year = {1985},
	Bdsk-Url-1 = {http://dx.doi.org/10.1007/BF00632365}}

@inproceedings{Shan:2001,
	Author = {Shan, Chung-chieh},
	Booktitle = {{Proceedings of the Thirteenth Amsterdam Colloquium}},
	Date-Added = {2014-05-02 17:38:16 +0000},
	Date-Modified = {2014-05-02 17:40:30 +0000},
	Editor = {Robert van Rooy and Martin Stokhof},
	Publisher = {University of Amsterdam},
	Title = {{A Variable-Free Dynamic Semantics}},
	Year = {2001}}

@incollection{Heim:1998,
	Address = {Cambridge, MA},
	Author = {Irene Heim},
	Booktitle = {{The Interpretive Tract}},
	Date-Added = {2014-04-30 18:38:14 +0000},
	Date-Modified = {2014-04-30 18:41:15 +0000},
	Editor = {Uli Sauerland and Orin Percus},
	Pages = {205-246},
	Publisher = {MIT Working Papers in Linguistics},
	Series = {{MIT Working Papers in Linguistics}},
	Title = {{Anaphora and Semantic Interpretation: A Reinterpretation of Reinhart's Approach}},
	Volume = {25},
	Year = {1998}}

@inproceedings{Swart:1999,
	Address = {Ithaca, NY},
	Author = {Henri\"ette de Swart},
	Booktitle = {{Proceedings of Semantics and Linguistic Theory 9}},
	Date-Added = {2014-04-30 17:51:12 +0000},
	Date-Modified = {2014-04-30 17:52:24 +0000},
	Editor = {Tanya Matthews and Devon Strolovitch},
	Pages = {273-297},
	Publisher = {Cornell University},
	Title = {{Indefinites between Predication and Reference}},
	Year = {1999}}

@inproceedings{Constant:2012,
	Author = {Noah Constant},
	Booktitle = {{Proceedings of Semantics and Linguistic Theory 22}},
	Date-Added = {2014-04-30 16:09:18 +0000},
	Date-Modified = {2014-04-30 16:11:10 +0000},
	Editor = {Anca Chereches},
	Pages = {286-306},
	Publisher = {eLanguage},
	Title = {{Witnessable quantifiers license type-e meaning: Evidence from contrastive topic, equatives and supplements}},
	Year = {2012}}

@article{Heim:1990,
	Author = {Irene Heim},
	Date-Added = {2014-04-29 17:53:24 +0000},
	Date-Modified = {2014-04-29 17:54:59 +0000},
	Doi = {10.1007/BF00630732},
	Journal = {{Linguistics and Philosophy}},
	Number = {2},
	Pages = {137-177},
	Title = {{E-Type pronouns and donkey anaphora}},
	Volume = {13},
	Year = {1990},
	Bdsk-Url-1 = {http://dx.doi.org/10.1007/BF00630732}}

@book{Parsons:1990,
	Address = {Cambridge, MA},
	Author = {Terence Parsons},
	Date-Added = {2014-04-27 22:31:10 +0000},
	Date-Modified = {2014-04-27 22:32:12 +0000},
	Publisher = {MIT Press},
	Title = {{Events in the Semantics of English}},
	Year = {1990}}

@unpublished{Stojnicetal,
	Author = {Una Stojnic and Matthew Stone and Ernest Lepore},
	Date-Added = {2014-04-24 22:49:02 +0000},
	Date-Modified = {2014-04-24 22:52:51 +0000},
	Note = {Unpublished ms.},
	Title = {{Discourse and Logical Form}},
	Year = {2013}}

@article{Groszetal:1995,
	Author = {Barbara J. Grosz and Aravind K. Joshi and Scott Weinstein},
	Date-Added = {2014-04-24 18:19:56 +0000},
	Date-Modified = {2014-04-24 18:22:45 +0000},
	Journal = {Computational Linguistics},
	Number = {2},
	Pages = {203-225},
	Title = {{Centering: A Framework for Modeling the Local Coherence of Discourse}},
	Volume = {21},
	Year = {1995}}

@book{Bittner:2014,
	Address = {Malden, MA, Oxford},
	Author = {Bittner, Maria},
	Date-Added = {2014-04-22 22:25:43 +0000},
	Date-Modified = {2014-04-22 22:28:25 +0000},
	Doi = {10.1002/9781118584002},
	Publisher = {Wiley-Blackwell},
	Title = {{Temporality: Universals and Variation}},
	Year = {2014},
	Bdsk-Url-1 = {http://dx.doi.org/10.1002/9781118584002}}

@article{Williams:1977,
	Author = {Edwin S. Williams},
	Date-Added = {2014-04-20 14:34:42 +0000},
	Date-Modified = {2014-04-20 14:41:43 +0000},
	Journal = {Linguistic Inquiry},
	Month = {Winter},
	Number = {1},
	Pages = {101-139},
	Title = {{Discourse and Logical Form}},
	Volume = {8},
	Year = {1977}}

@incollection{Karttunen:1976,
	Address = {New York},
	Author = {Lauri Karttunen},
	Booktitle = {{Syntax and Semantics, volume 7: Notes from the Linguistic Underground}},
	Date-Added = {2014-04-19 20:34:09 +0000},
	Date-Modified = {2014-04-19 20:38:07 +0000},
	Editor = {James D. McCawley},
	Pages = {363-385},
	Publisher = {Academic Press},
	Title = {Discourse referents},
	Year = {1976}}

@incollection{Chierchia:2005,
	Address = {Stanford},
	Author = {Gennaro Chierchia},
	Booktitle = {{Reference and Quantification: The Partee Effect}},
	Date-Added = {2014-04-17 23:11:47 +0000},
	Date-Modified = {2014-04-17 23:13:25 +0000},
	Editor = {Gregory N. Carlson and Francis Jeffry Pelletier},
	Pages = {143-177},
	Publisher = {CSLI Publications},
	Title = {{Definites, Locality, and Intentional Identity}},
	Year = {2005}}

@article{Plotkin:1975,
	Author = {Gordon D. Plotkin},
	Date-Added = {2014-04-17 13:42:27 +0000},
	Date-Modified = {2014-04-17 13:43:23 +0000},
	Journal = {{Theoretical Computer Science}},
	Pages = {125-159},
	Title = {Call-by-name, call-by-value, and the $\lambda$-calculus},
	Volume = {1},
	Year = {1975}}

@inproceedings{Murthy:1992,
	Author = {Chetan R. Murthy},
	Booktitle = {{Proceedings of the ACM SIGPLAN Workshop on Continuations}},
	Date-Added = {2014-04-17 13:38:23 +0000},
	Date-Modified = {2014-04-17 13:42:08 +0000},
	Editor = {Olivier Danvy and Carolyn L. Talcott},
	Note = {{Technical report STAN-CS-92-1426, Stanford University, San Francisco, California, June 1992.}},
	Pages = {49-72},
	Title = {{Control operators, hierarchies, and pseudo-classical type systems: A-translation at work}},
	Year = {1992}}

@techreport{Stone:1997,
	Author = {Matthew Stone},
	Date-Added = {2014-04-16 23:44:30 +0000},
	Date-Modified = {2014-04-24 22:53:42 +0000},
	Institution = {University of Pennsylvania},
	Number = {97-06},
	Title = {{The Anaphoric Parallel between Modality and Tense}},
	Type = {IRCS TR},
	Year = {1997}}

@article{IoninMatushansky:2006,
	Author = {Tania Ionin and Ora Matushansky},
	Date-Added = {2014-04-16 21:26:43 +0000},
	Date-Modified = {2014-04-16 22:59:29 +0000},
	Doi = {10.1093/jos/ffl006},
	Journal = {{Journal of Semantics}},
	Number = {4},
	Pages = {315-360},
	Title = {{The Composition of Complex Cardinals}},
	Volume = {23},
	Year = {2006},
	Bdsk-Url-1 = {http://dx.doi.org/10.1093/jos/ffl006}}

@article{Frege,
	Author = {Gottlob Frege},
	Date-Added = {2014-04-16 18:47:49 +0000},
	Date-Modified = {2014-04-16 19:15:34 +0000},
	Journal = {{Vierteljahresschrift f\"ur wissenschaftliche Philosophie}},
	Notes = {Translated as `Concept and Object' by P. Geach in {\it Translations from the Philosophical Writings of Gottlob Frege}, P. Geach and M. Black (eds. and trans.), Oxford: Blackwell, third edition, 1980.},
	Pages = {192-205},
	Title = {{\"Uber Begriff und Gegenstand}},
	Volume = {16},
	Year = {1892}}

@article{Roelofsen:2013,
	Author = {Roelofsen, Floris},
	Date-Modified = {2014-04-15 20:57:01 +0000},
	Doi = {10.1007/s11229-013-0282-4},
	Issn = {0039-7857},
	Journal = {Synthese},
	Keywords = {Algebraic semantics; Inquisitive semantics; Alternative semantics},
	Language = {English},
	Number = {1},
	Pages = {79-102},
	Publisher = {Springer Netherlands},
	Title = {Algebraic foundations for the semantic treatment of inquisitive content},
	Volume = {190},
	Year = {2013},
	Bdsk-Url-1 = {http://dx.doi.org/10.1007/s11229-013-0282-4}}

@article{Larson:1988,
	Author = {Richard K. Larson},
	Date-Added = {2014-04-15 19:24:20 +0000},
	Date-Modified = {2014-04-15 19:26:21 +0000},
	Journal = {Linguistic Inquiry},
	Month = {Summer},
	Number = {3},
	Pages = {335-391},
	Title = {{On the Double Object Construction}},
	Volume = {19},
	Year = {1988}}

@article{BarssLasnik:1986,
	Author = {Andrew Barss and Howard Lasnik},
	Date-Added = {2014-04-15 19:22:55 +0000},
	Date-Modified = {2014-04-15 19:24:08 +0000},
	Journal = {Linguistic Inquiry},
	Month = {Spring},
	Number = {2},
	Pages = {347-354},
	Title = {{A Note on Anaphora and Double Objects}},
	Volume = {17},
	Year = {1986}}

@incollection{Rooth:1987,
	Address = {Dordrecht},
	Author = {Mats Rooth},
	Booktitle = {{Generalized Quantifiers}},
	Date-Added = {2014-04-09 20:06:52 +0000},
	Date-Modified = {2014-04-09 20:07:51 +0000},
	Editor = {Peter G\"ardenfors},
	Pages = {237-269},
	Publisher = {Reidel},
	Title = {{Noun Phrase Interpretation in Montague Grammar, File Change Semantics, and Situation Semantics}},
	Year = {1987}}

@incollection{Barwise:1987,
	Address = {Dordrecht},
	Author = {Jon Barwise},
	Booktitle = {{Generalized Quantifiers}},
	Date-Added = {2014-04-09 20:03:34 +0000},
	Date-Modified = {2014-04-09 20:08:19 +0000},
	Editor = {Peter G\"ardenfors},
	Pages = {1-29},
	Publisher = {Reidel},
	Title = {{Noun Phrases, Generalized Quantifiers, and Anaphora}},
	Year = {1987}}

@article{Nouwen:2007a,
	Author = {Nouwen, Rick},
	Date-Modified = {2014-04-08 20:48:53 +0000},
	Doi = {10.1007/s11168-006-9019-6},
	Issn = {1570-7075},
	Journal = {Research on Language and Computation},
	Number = {1},
	Pages = {87-102},
	Publisher = {Kluwer Academic Publishers},
	Title = {On appositives and dynamic binding},
	Volume = {5},
	Year = {2007},
	Bdsk-Url-1 = {http://dx.doi.org/10.1007/s11168-006-9019-6}}

@book{Buring:2005,
	Address = {New York},
	Author = {B\"uring, Daniel},
	Date-Added = {2014-04-08 19:48:48 +0000},
	Date-Modified = {2014-04-08 19:49:43 +0000},
	Publisher = {Cambridge University Press},
	Title = {{Binding Theory}},
	Year = {2005}}

@article{Schwarz:2004,
	Author = {Bernhard Schwarz},
	Date-Added = {2014-04-07 16:58:34 +0000},
	Date-Modified = {2014-04-07 16:59:26 +0000},
	Doi = {10.1162/ling.2004.35.2.344},
	Journal = {Linguistic Inquiry},
	Month = {Spring},
	Number = {2},
	Pages = {344-353},
	Title = {{Indefinites in Verb Phrase Ellipsis}},
	Volume = {35},
	Year = {2004},
	Bdsk-Url-1 = {http://dx.doi.org/10.1162/ling.2004.35.2.344}}

@unpublished{Schwarzschild:1997,
	Author = {Roger Schwarzschild},
	Date-Added = {2014-04-06 19:33:03 +0000},
	Date-Modified = {2014-04-06 19:35:17 +0000},
	Note = {Unpublished ms.},
	Title = {{Why Some Foci Must Associate}},
	Year = {1997}}

@phdthesis{Wasow:1972,
	Author = {Thomas Wasow},
	Date-Added = {2014-03-26 17:20:06 +0000},
	Date-Modified = {2014-03-26 17:21:17 +0000},
	School = {Massachusetts Institute of Technology},
	Title = {{Anaphoric Relations in English}},
	Type = {{Ph.D. thesis}},
	Year = {1972}}

@incollection{KP:1979,
	Address = {New York},
	Author = {Lauri Karttunen and Stanley Peters},
	Booktitle = {Presupposition},
	Date-Added = {2014-03-25 03:27:37 +0000},
	Date-Modified = {2014-03-25 03:31:59 +0000},
	Editor = {Choon-Kyu Oh and David Dinneen},
	Pages = {1-56},
	Publisher = {Academic Press},
	Series = {{Syntax and Semantics}},
	Title = {Conventional implicature},
	Volume = {11},
	Year = {1979}}

@inproceedings{Wold:1996,
	Address = {Ithaca, NY},
	Author = {Dag E. Wold},
	Booktitle = {{Proceedings of Semantics and Linguistic Theory 6}},
	Date-Added = {2014-03-24 19:40:34 +0000},
	Date-Modified = {2014-03-24 19:41:35 +0000},
	Editor = {Teresa Galloway and Justin Spence},
	Pages = {311-328},
	Publisher = {Cornell University},
	Title = {{Long Distance Selective Binding: The Case of Focus}},
	Year = {1996}}

@article{FoxNissenbaum:2003,
	Author = {Danny Fox and Jon Nissenbaum},
	Date-Added = {2014-03-24 00:08:32 +0000},
	Date-Modified = {2014-03-24 00:11:30 +0000},
	Journal = {Snippets},
	Number = {2},
	Pages = {7-8},
	Title = {{VP ellipsis and the position of adverbs}},
	Volume = {7},
	Year = {2003}}

@inproceedings{KMHackl:2008,
	Address = {Somerville, MA},
	Author = {Jorie Koster-Moeller and Martin Hackl},
	Booktitle = {{Proceedings of the 27th West Coast Conference on Formal Linguistics}},
	Date-Added = {2014-03-24 00:05:42 +0000},
	Date-Modified = {2014-03-24 00:07:14 +0000},
	Editor = {Natasha Abner and Jason Bishop},
	Pages = {301-309},
	Publisher = {Cascadilla Proceedings Project},
	Title = {{Quantifier Scope Constraints in ACD: Implications for the Syntax of Relative Clauses}},
	Year = {2008}}

@article{Sauerland:2004,
	Author = {Sauerland, Uli},
	Doi = {10.1023/B:NALS.0000011201.91994.4f},
	Issn = {0925-854X},
	Journal = {Natural Language Semantics},
	Language = {English},
	Number = {1},
	Pages = {63-127},
	Publisher = {Kluwer Academic Publishers},
	Title = {{The Interpretation of Traces}},
	Volume = {12},
	Year = {2004},
	Bdsk-Url-1 = {http://dx.doi.org/10.1023/B:NALS.0000011201.91994.4f}}

@unpublished{Barker:2012r,
	Author = {Chris Barker},
	Date-Added = {2014-03-22 17:30:12 +0000},
	Date-Modified = {2014-04-06 19:34:47 +0000},
	Note = {Unpublished ms.},
	Title = {Evaluation order, crossover, and reconstruction},
	Year = {2012}}

@incollection{Kennedy:2014,
	Author = {Chris Kennedy},
	Booktitle = {{The Art and Craft of Semantics: A Festschrift for Irene Heim}},
	Date-Added = {2014-03-21 22:53:34 +0000},
	Date-Modified = {2015-01-30 13:22:49 +0000},
	Editor = {Luka Crni\v{c} and Uli Sauerland},
	Pages = {253-277},
	Publisher = {MIT Working Papers in Linguistics 70},
	Title = {{Predicates {\it and} Formulas: Evidence from Ellipsis}},
	Volume = {1},
	Year = {2014}}

@unpublished{Kennedy:1994,
	Author = {Chris Kennedy},
	Date-Added = {2014-03-21 21:30:19 +0000},
	Date-Modified = {2014-03-21 21:31:23 +0000},
	Note = {Linguistic Research Center Report LRC 94-03. UC Santa Cruz},
	Title = {{Argument Contained Ellipsis}},
	Year = {1994}}

@inproceedings{Jacobson:2004,
	Address = {Ithaca, NY},
	Author = {Pauline Jacobson},
	Booktitle = {{Proceedings of Semantics and Linguistic Theory 14}},
	Date-Added = {2014-03-21 20:58:10 +0000},
	Date-Modified = {2014-03-21 20:59:55 +0000},
	Editor = {Kazuha Watanabe and Robert B. Young},
	Pages = {145-162},
	Publisher = {Cornell University},
	Title = {{Kennedy's Puzzle: What I'm Named or Who I Am?}},
	Year = {2004}}

@inproceedings{Barros:2013,
	Author = {Matthew Barros},
	Booktitle = {{Proceedings of Semantics and Linguistic Theory 23}},
	Date-Added = {2014-02-25 20:54:11 +0000},
	Date-Modified = {2014-02-25 20:55:27 +0000},
	Editor = {Todd Snider},
	Pages = {295-315},
	Title = {{Harmonic sluicing: Which remnant/correlate pairs work and why}},
	Year = {2013}}

@article{Winter:1997,
	Author = {Winter, Yoad},
	Doi = {10.1023/A:1005354323136},
	Issn = {0165-0157},
	Journal = {Linguistics and Philosophy},
	Language = {English},
	Number = {4},
	Pages = {399-467},
	Publisher = {Kluwer Academic Publishers},
	Title = {{Choice Functions and the Scopal Semantics of Indefinites}},
	Volume = {20},
	Year = {1997},
	Bdsk-Url-1 = {http://dx.doi.org/10.1023/A:1005354323136}}

@article{Bittner:2001,
	Author = {Bittner, Maria},
	Doi = {10.1093/jos/18.2.127},
	Journal = {Journal of Semantics},
	Number = {2},
	Pages = {127-177},
	Title = {{Surface Composition as Bridging}},
	Volume = {18},
	Year = {2001},
	Bdsk-Url-1 = {http://dx.doi.org/10.1093/jos/18.2.127}}

@book{Cooper:1983,
	Address = {Dordrecht},
	Author = {Robin Cooper},
	Date-Added = {2014-02-21 20:16:09 +0000},
	Date-Modified = {2014-02-21 20:17:23 +0000},
	Publisher = {Springer Science+Business Media},
	Title = {Quantification and syntactic theory},
	Year = {1983}}

@article{Cecchetto:2004,
	Author = {Cecchetto, Carlo},
	Date-Modified = {2014-02-21 05:34:07 +0000},
	Doi = {10.1007/s11050-004-1189-x},
	Issn = {0925-854X},
	Journal = {Natural Language Semantics},
	Language = {English},
	Number = {4},
	Pages = {345-397},
	Publisher = {Kluwer Academic Publishers},
	Title = {{Explaining the locality conditions of QR: Consequences for the theory of phases}},
	Volume = {12},
	Year = {2004},
	Bdsk-Url-1 = {http://dx.doi.org/10.1007/s11050-004-1189-x}}

@phdthesis{Mascarenhas:2009,
	Author = {Salvador Mascarenhas},
	Date-Added = {2014-02-16 22:47:14 +0000},
	Date-Modified = {2014-02-16 22:49:24 +0000},
	School = {University of Amsterdam},
	Title = {Inquisitive semantics and logic},
	Type = {{M.Sc. thesis}},
	Year = {2009}}

@incollection{Brody:1995,
	Address = {Szeged},
	Author = {Michael Brody},
	Booktitle = {{Approaches to Hungarian V}},
	Date-Added = {2014-02-16 22:43:15 +0000},
	Date-Modified = {2014-02-16 22:44:15 +0000},
	Editor = {Istv\'an Kenesei},
	Pages = {31-43},
	Publisher = {JATE Press},
	Title = {Focus and checking theory},
	Year = {1995}}

@book{Kiss:1987,
	Address = {Budapest},
	Author = {Kiss, Katalin {\'E}},
	Date-Modified = {2014-02-16 22:41:00 +0000},
	Publisher = {Akad\'emiai Kiad\'o},
	Title = {{Configurationality in Hungarian}},
	Year = {1987}}

@article{CraenenbroeckLiptak:2006,
	Author = {van Craenenbroeck, Jeroen and Anik\'o Lipt\'ak},
	Doi = {10.1111/j.1467-9612.2006.00091.x},
	Issn = {1467-9612},
	Journal = {Syntax},
	Number = {3},
	Pages = {248-274},
	Publisher = {Blackwell Publishing Ltd},
	Title = {{The crosslinguistic syntax of sluicing: evidence from Hungarian relatives}},
	Volume = {9},
	Year = {2006},
	Bdsk-Url-1 = {http://dx.doi.org/10.1111/j.1467-9612.2006.00091.x}}

@inproceedings{Hirschbuhler:1982,
	Address = {Amherst, MA},
	Author = {Paul Hirschb\"uhler},
	Booktitle = {{Proceedings of the North East Linguistic Society 12}},
	Date-Added = {2014-02-16 02:32:15 +0000},
	Date-Modified = {2014-02-16 02:35:22 +0000},
	Editor = {James Pustejovsky and Peter Sells},
	Pages = {132-139},
	Publisher = {GLSA},
	Title = {{VP-Deletion and Across-the Board Quantifier Scope}},
	Year = {1982}}

@article{Toosarvandani:2008,
	Author = {Maziar Toosarvandani},
	Date-Added = {2014-02-16 02:26:30 +0000},
	Date-Modified = {2014-02-16 02:28:32 +0000},
	Doi = {10.1017/S0022226708005367},
	Journal = {Journal of Linguistics},
	Pages = {677-722},
	Title = {Wh-movement and the syntax of sluicing},
	Volume = {44},
	Year = {2008},
	Bdsk-Url-1 = {http://dx.doi.org/10.1017/S0022226708005367}}

@article{Rooth:1992a,
	Author = {Rooth, Mats},
	Date-Modified = {2014-02-16 00:42:34 +0000},
	Doi = {10.1007/BF02342617},
	Issn = {0925-854X},
	Journal = {Natural Language Semantics},
	Language = {English},
	Number = {1},
	Pages = {75-116},
	Publisher = {Kluwer Academic Publishers},
	Title = {A theory of focus interpretation},
	Volume = {1},
	Year = {1992},
	Bdsk-Url-1 = {http://dx.doi.org/10.1007/BF02342617}}

@article{Schwarzschild:1999,
	Author = {Schwarzschild, Roger},
	Doi = {10.1023/A:1008370902407},
	Issn = {0925-854X},
	Journal = {Natural Language Semantics},
	Language = {English},
	Number = {2},
	Pages = {141-177},
	Publisher = {Kluwer Academic Publishers},
	Title = {{Givenness, AvoidF and other constraints on the placement of accent}},
	Volume = {7},
	Year = {1999},
	Bdsk-Url-1 = {http://dx.doi.org/10.1023/A:1008370902407}}

@book{Merchant:2001,
	Address = {Oxford},
	Author = {Jason Merchant},
	Date-Added = {2014-02-15 18:24:11 +0000},
	Date-Modified = {2014-02-15 18:25:14 +0000},
	Publisher = {Oxford University Press},
	Title = {{The Syntax of Silence: Sluicing, Islands, and the Theory of Ellipsis}},
	Year = {2001}}

@article{CLM:1995,
	Author = {Chung, Sandra and Ladusaw, William A. and McCloskey, James},
	Date-Modified = {2014-02-15 18:23:24 +0000},
	Doi = {10.1007/BF01248819},
	Issn = {0925-854X},
	Journal = {Natural Language Semantics},
	Language = {English},
	Number = {3},
	Pages = {239-282},
	Publisher = {Kluwer Academic Publishers},
	Title = {Sluicing and logical form},
	Volume = {3},
	Year = {1995},
	Bdsk-Url-1 = {http://dx.doi.org/10.1007/BF01248819}}

@phdthesis{Romero:1998,
	Author = {Maribel Romero},
	Date-Added = {2014-02-15 18:18:37 +0000},
	Date-Modified = {2014-02-15 18:19:30 +0000},
	School = {University of Massachusetts, Amherst},
	Title = {Focus and reconstruction effects in wh-phrases},
	Type = {{Ph.D. thesis}},
	Year = {1998}}

@inproceedings{TakahashiFox:2005,
	Address = {Ithaca, NY},
	Author = {Shoichi Takahashi and Danny Fox},
	Booktitle = {{Proceedings of Semantics and Linguistic Theory 15}},
	Date-Added = {2014-02-15 18:15:58 +0000},
	Date-Modified = {2014-02-15 18:17:56 +0000},
	Editor = {Effi Georgala and Jonathan Howell},
	Pages = {223-240},
	Publisher = {Cornell University},
	Title = {{MaxElide and the re-binding problem}},
	Year = {2005}}

@article{Hartman:2011,
	Author = {Jeremy Hartman},
	Date-Added = {2014-02-15 17:51:49 +0000},
	Date-Modified = {2014-02-15 17:55:28 +0000},
	Doi = {10.1162/LING_a_00050},
	Journal = {Linguistic Inquiry},
	Month = {Summer},
	Number = {3},
	Pages = {367-388},
	Title = {{The Semantic Uniformity of Traces: Evidence from Ellipsis Parallelism}},
	Volume = {42},
	Year = {2011},
	Bdsk-Url-1 = {http://dx.doi.org/10.1162/LING_a_00050}}

@article{Dayal:1994,
	Author = {Dayal, Veneeta},
	Date-Modified = {2014-02-13 21:02:58 +0000},
	Doi = {10.1007/BF01250401},
	Issn = {0925-854X},
	Journal = {Natural Language Semantics},
	Language = {English},
	Number = {2},
	Pages = {137-170},
	Publisher = {Kluwer Academic Publishers},
	Title = {Scope marking as indirect wh-dependency},
	Volume = {2},
	Year = {1994},
	Bdsk-Url-1 = {http://dx.doi.org/10.1007/BF01250401}}

@unpublished{Fox:2012,
	Author = {Danny Fox},
	Date-Added = {2014-02-13 20:40:27 +0000},
	Date-Modified = {2014-04-06 19:35:00 +0000},
	Note = {Unpublished lecture notes},
	Title = {Lectures on the semantics of questions},
	Year = {2012}}

@inproceedings{MoltmannSzabolcsi:1994,
	Address = {Amherst, MA},
	Author = {Friederike Moltmann and Anna Szabolcsi},
	Booktitle = {{Proceedings of the North East Linguistic Society 24}},
	Date-Added = {2014-02-12 23:22:10 +0000},
	Date-Modified = {2014-02-12 23:26:02 +0000},
	Editor = {Merce Gonzalez},
	Pages = {381-395},
	Publisher = {GLSA},
	Title = {{Scope Interactions with Pair-List Quantifiers}},
	Year = {1994}}

@article{Krifka:2001,
	Author = {Krifka, Manfred},
	Doi = {10.1023/A:1017903702063},
	Issn = {0925-854X},
	Journal = {Natural Language Semantics},
	Language = {English},
	Number = {1},
	Pages = {1-40},
	Publisher = {Kluwer Academic Publishers},
	Title = {{Quantifying into Question Acts}},
	Volume = {9},
	Year = {2001},
	Bdsk-Url-1 = {http://dx.doi.org/10.1023/A:1017903702063}}

@inproceedings{Haida:2007,
	Address = {Ithaca, NY},
	Author = {Andreas Haida},
	Booktitle = {{Proceedings of Semantics and Linguistic Theory 17}},
	Date-Added = {2014-02-10 17:00:56 +0000},
	Date-Modified = {2014-02-10 17:02:28 +0000},
	Editor = {Tova Friedman and Masayuki Gibson},
	Pages = {130-147},
	Publisher = {Cornell University},
	Title = {{Reconsidering the Indirect Dependency Approach to Wh-Scope Marking}},
	Year = {2007}}

@article{Lahiri:2002,
	Author = {Utpal Lahiri},
	Date-Added = {2014-02-10 16:57:32 +0000},
	Date-Modified = {2014-02-10 16:57:57 +0000},
	Doi = {10.1016/S0024-3841(01)00059-6},
	Issn = {0024-3841},
	Journal = {Lingua},
	Keywords = {Interrogatives},
	Number = {7},
	Pages = {501 - 540},
	Title = {{On the proper treatment of ``expletive wh'' in Hindi}},
	Volume = {112},
	Year = {2002},
	Bdsk-Url-1 = {http://www.sciencedirect.com/science/article/pii/S0024384101000596},
	Bdsk-Url-2 = {http://dx.doi.org/10.1016/S0024-3841(01)00059-6}}

@article{Barker:2012,
	Author = {Chris Barker},
	Date-Added = {2014-02-07 17:19:01 +0000},
	Date-Modified = {2014-02-07 17:20:15 +0000},
	Doi = {doi:10.1162/ling_a_00108},
	Journal = {Linguistic Inquiry},
	Month = {Fall},
	Number = {4},
	Pages = {614-633},
	Title = {{Quantificational Binding Does Not Require C-Command}},
	Volume = {43},
	Year = {2012},
	Bdsk-Url-1 = {http://dx.doi.org/10.1162/ling_a_00108}}

@article{Shimoyama:2006,
	Author = {Shimoyama, Junko},
	Date-Modified = {2014-02-06 22:32:55 +0000},
	Doi = {10.1007/s11050-006-0001-5},
	Issn = {0925-854X},
	Journal = {Natural Language Semantics},
	Language = {English},
	Number = {2},
	Pages = {139-173},
	Publisher = {Kluwer Academic Publishers},
	Title = {{Indeterminate Phrase Quantification in Japanese}},
	Volume = {14},
	Year = {2006},
	Bdsk-Url-1 = {http://dx.doi.org/10.1007/s11050-006-0001-5}}

@article{Abbott:2002,
	Author = {Abbott, Barbara},
	Date-Modified = {2014-02-06 17:30:00 +0000},
	Doi = {10.1023/A:1022141232323},
	Issn = {0925-854X},
	Journal = {Natural Language Semantics},
	Language = {English},
	Number = {4},
	Pages = {285-298},
	Publisher = {Kluwer Academic Publishers},
	Title = {{Donkey Demonstratives}},
	Volume = {10},
	Year = {2002},
	Bdsk-Url-1 = {http://dx.doi.org/10.1023/A%3A1022141232323},
	Bdsk-Url-2 = {http://dx.doi.org/10.1023/A:1022141232323}}

@phdthesis{Hackl:2000,
	Author = {Martin Hackl},
	Date-Added = {2014-02-04 18:28:46 +0000},
	Date-Modified = {2014-04-19 21:33:50 +0000},
	School = {Massachusetts Institute of Technology},
	Title = {{Comparative Quantifiers}},
	Type = {{Ph.D. thesis}},
	Year = {2000}}

@book{Safir:2004,
	Address = {Cambridge, MA},
	Author = {Ken Safir},
	Date-Added = {2014-02-04 17:14:16 +0000},
	Date-Modified = {2014-02-04 17:16:20 +0000},
	Publisher = {MIT Press},
	Title = {{The Syntax of (In)dependence}},
	Year = {2004}}

@article{Dayal:2002,
	Author = {Dayal, Veneeta},
	Doi = {10.1162/ling.2002.33.3.512},
	Journal = {Linguistic Inquiry},
	Number = {3},
	Pages = {512-520},
	Publisher = {MIT Press},
	Title = {{Single-pair versus multiple-pair answers: Wh-in-situ and scope}},
	Volume = {33},
	Year = {2002},
	Bdsk-Url-1 = {http://dx.doi.org/10.1162/ling.2002.33.3.512}}

@book{Dayal:1996,
	Address = {Dordrecht},
	Author = {Dayal, Veneeta},
	Date-Modified = {2014-02-03 23:53:53 +0000},
	Publisher = {Springer Science+Business Media},
	Title = {{Locality in Wh quantification}},
	Year = {1996}}

@article{Dekker:1999,
	Author = {Paul Dekker},
	Date-Added = {2013-11-18 17:53:27 +0000},
	Date-Modified = {2013-11-18 17:56:50 +0000},
	Journal = {Journal of Language and Computation},
	Number = {1},
	Pages = {7-32},
	Title = {{Scopes in Discourse}},
	Volume = {1},
	Year = {1999}}

@phdthesis{Hagstrom:1998,
	Author = {Paul Hagstrom},
	Date-Added = {2013-11-16 18:30:51 +0000},
	Date-Modified = {2013-11-16 18:31:06 +0000},
	School = {Massachusetts Institute of Technology},
	Title = {{Decomposing Questions}},
	Type = {{Ph.D. thesis}},
	Year = {1998}}

@phdthesis{Slade:2011,
	Author = {Benjamin Slade},
	Date-Added = {2013-11-16 18:22:19 +0000},
	Date-Modified = {2013-11-16 18:24:25 +0000},
	School = {University of Illinois},
	Title = {{Formal and philological inquiries into the nature of interrogatives, indefinites, disjunction, and focus in Sinhala and other languages}},
	Type = {{Ph.D. thesis}},
	Year = {2011}}

@book{Cable:2010,
	Author = {Seth Cable},
	Date-Added = {2013-11-16 18:21:43 +0000},
	Date-Modified = {2013-11-16 18:22:10 +0000},
	Publisher = {Oxford University Press},
	Title = {{The Grammar of Q. Q-particles, Wh-movement, and Pied Piping}},
	Year = {2010}}

@inproceedings{AnderBois:2010,
	Address = {Ithaca, NY},
	Author = {Scott AnderBois},
	Booktitle = {{Proceedings of Semantics and Linguistic Theory 20}},
	Date-Added = {2013-11-13 22:06:29 +0000},
	Date-Modified = {2013-11-13 22:10:59 +0000},
	Editor = {Nan Li and David Lutz},
	Pages = {451-470},
	Publisher = {Cornell University},
	Title = {{Sluicing as Anaphora to Issues}},
	Year = {2010}}

@book{Reinhart:2006,
	Address = {Cambridge, MA},
	Author = {Tanya Reinhart},
	Date-Added = {2013-11-12 16:59:36 +0000},
	Date-Modified = {2013-11-12 17:00:28 +0000},
	Publisher = {MIT Press},
	Title = {{Interface Strategies. Optimal and Costly Computations}},
	Year = {2006}}

@phdthesis{Berg:1996,
	Author = {Martin H. van den Berg},
	Date-Added = {2013-11-11 23:43:17 +0000},
	Date-Modified = {2013-11-11 23:44:36 +0000},
	School = {University of Amsterdam},
	Title = {{Some aspects of the internal structure of discourse. The dynamics of nominal anaphora}},
	Type = {{Ph.D. thesis}},
	Year = {1996}}

@article{Nouwen:2007,
	Author = {Nouwen, Rick},
	Doi = {10.1007/s10992-006-9029-8},
	Issn = {0022-3611},
	Journal = {Journal of Philosophical Logic},
	Keywords = {dynamic semantics; dependent pronoun; quantified anaphora; distributivity; plurality},
	Language = {English},
	Number = {2},
	Pages = {123-154},
	Publisher = {Kluwer Academic Publishers},
	Title = {{On Dependent Pronouns and Dynamic Semantics}},
	Volume = {36},
	Year = {2007},
	Bdsk-Url-1 = {http://dx.doi.org/10.1007/s10992-006-9029-8}}

@book{KampReyle:1993,
	Address = {Dordrecht},
	Author = {Hans Kamp and Uwe Reyle},
	Date-Added = {2013-11-11 23:05:53 +0000},
	Date-Modified = {2013-11-11 23:08:49 +0000},
	Publisher = {Kluwer Academic Publishers},
	Title = {{From Discourse to Logic}},
	Year = {1993}}

@inproceedings{Potts:2002,
	Address = {Amherst, MA},
	Author = {Christopher Potts},
	Booktitle = {{Proceedings of the North East Linguistic Society 32}},
	Date-Added = {2013-11-09 22:01:09 +0000},
	Date-Modified = {2013-11-09 22:02:25 +0000},
	Editor = {Masako Hirotani},
	Pages = {451-470},
	Publisher = {GLSA},
	Title = {{No Vacuous Quantification Constraints in Syntax}},
	Year = {2002}}

@incollection{Krifka:1989,
	Address = {Dordrecht},
	Author = {Manfred Krifka},
	Booktitle = {{Semantics and Contextual Expression}},
	Date-Added = {2013-11-09 16:52:23 +0000},
	Date-Modified = {2014-07-28 21:57:32 +0000},
	Editor = {Renate Bartsch and Johan van Bentham and Peter van Emde Boas},
	Pages = {75-115},
	Publisher = {Foris},
	Title = {{Nominal Reference, Temporal Constitution and Quantification in Event Semantics}},
	Year = {1989}}

@article{Brasoveanu:2008,
	Author = {Brasoveanu, Adrian},
	Date-Modified = {2013-11-09 00:43:15 +0000},
	Doi = {10.1007/s10988-008-9035-0},
	Issn = {0165-0157},
	Journal = {Linguistics and Philosophy},
	Keywords = {Plurals; Anaphora; Weak and strong donkey readings; Uniqueness effects; Compositional dynamic semantics; Type logic},
	Language = {English},
	Number = {2},
	Pages = {129-209},
	Publisher = {Springer Netherlands},
	Title = {Donkey pluralities: plural information states versus non-atomic individuals},
	Volume = {31},
	Year = {2008},
	Bdsk-Url-1 = {http://dx.doi.org/10.1007/s10988-008-9035-0}}

@inproceedings{Jacobson:1994,
	Author = {Pauline Jacobson},
	Booktitle = {{Proceedings of the Ninth Amsterdam Colloquium}},
	Date-Added = {2013-11-09 00:25:29 +0000},
	Date-Modified = {2013-11-09 00:28:12 +0000},
	Editor = {Paul Dekker and Martin Stokhof},
	Pages = {349-369},
	Publisher = {University of Amsterdam},
	Title = {{i-within-i Effects in a Variable-Free Semantics and a Categorial Syntax}},
	Year = {1994}}

@article{Lasersohn:1998,
	Author = {Lasersohn, Peter},
	Date-Modified = {2013-11-06 20:44:09 +0000},
	Doi = {10.1023/A:1005317815339},
	Issn = {0165-0157},
	Journal = {Linguistics and Philosophy},
	Language = {English},
	Number = {1},
	Pages = {83-93},
	Publisher = {Kluwer Academic Publishers},
	Title = {{Generalized Distributivity Operators}},
	Volume = {21},
	Year = {1998},
	Bdsk-Url-1 = {http://dx.doi.org/10.1023/A%3A1005317815339},
	Bdsk-Url-2 = {http://dx.doi.org/10.1023/A:1005317815339}}

@misc{Fintel:2000,
	Author = {Kai von Fintel},
	Date-Added = {2013-10-26 21:18:03 +0000},
	Date-Modified = {2013-10-26 21:20:12 +0000},
	Howpublished = {MIT Syntax-Semantics Reading Group Talk},
	Month = {November 15},
	Title = {{Singleton Indefinites (re. Schwarzschild 2000)}},
	Year = {2000}}

@book{Barker:1995,
	Address = {Stanford},
	Author = {Barker, Chris},
	Date-Added = {2013-10-25 00:37:01 +0000},
	Date-Modified = {2013-10-25 00:39:04 +0000},
	Note = {1991 Ph.D. dissertation, University of California, Santa Cruz},
	Publisher = {CSLI Publications},
	Title = {{Possessive Descriptions}},
	Year = {1995}}

@inproceedings{Heim:1997,
	Address = {Ithaca, NY},
	Author = {Heim, Irene},
	Booktitle = {{Proceedings of Semantics and Linguistic Theory 7}},
	Date-Modified = {2013-10-24 22:52:21 +0000},
	Editor = {Aaron Lawson},
	Pages = {197-221},
	Publisher = {Cornell University},
	Title = {{Predicates or formulas? Evidence from ellipsis}},
	Year = {1997}}

@inproceedings{Filinski:1994,
	Address = {New York},
	Author = {Andrzej Filinski},
	Booktitle = {{Proceedings of the 21st Annual ACM SIGPLAN-SIGACT Symposium on Principles of Programming Languages}},
	Date-Added = {2013-10-22 16:38:17 +0000},
	Date-Modified = {2013-10-22 16:41:16 +0000},
	Month = {January},
	Pages = {446-457},
	Publisher = {ACM Press},
	Title = {{Representing Monads}},
	Year = {1994}}

@article{BarkerShan:2006,
	Author = {Barker, Chris and Shan, Chung-chieh},
	Doi = {10.1007/s10849-006-0541-6},
	Issn = {0925-8531},
	Journal = {Journal of Logic, Language and Information},
	Keywords = {continuations; type-logical grammar; resource sensitivity; quantification; polarity licensing; binding; superiority; evaluation order; staging; delimited continuations},
	Language = {English},
	Number = {4},
	Pages = {331-370},
	Publisher = {Kluwer Academic Publishers},
	Title = {{Types as Graphs: Continuations in Type Logical Grammar}},
	Volume = {15},
	Year = {2006},
	Bdsk-Url-1 = {http://dx.doi.org/10.1007/s10849-006-0541-6}}

@article{Schlenker:2012,
	Author = {Philippe Schlenker},
	Date-Added = {2013-10-17 23:08:06 +0000},
	Date-Modified = {2013-10-17 23:56:55 +0000},
	Doi = {10.7358/snip-2012-026-schl},
	Journal = {Snippets},
	Month = {December},
	Number = {7},
	Pages = {18-19},
	Title = {Informativity-based maximality conditions},
	Volume = {26},
	Year = {2012},
	Bdsk-Url-1 = {http://dx.doi.org/10.7358/snip-2012-026-schl}}

@incollection{Chierchia:2001,
	Address = {Stanford},
	Author = {Gennaro Chierchia},
	Booktitle = {{Semantic Interfaces: Reference, Anaphora, and Aspect}},
	Date-Added = {2013-10-15 18:03:12 +0000},
	Date-Modified = {2015-01-09 17:33:12 +0000},
	Editor = {Carlo Cecchetto and Gennaro Chierchia and Maria Teresa Guasti},
	Pages = {51-89},
	Publisher = {CSLI Publications},
	Title = {{A Puzzle about Indefinites}},
	Year = {2001}}

@article{HanRomero:2004,
	Author = {Han, Chung-hye and Maribel Romero},
	Date-Added = {2013-10-15 15:31:05 +0000},
	Date-Modified = {2013-10-15 15:34:17 +0000},
	Doi = {10.1162/002438904323019048},
	Journal = {Linguistic Inquiry},
	Month = {Spring},
	Number = {2},
	Pages = {179-217},
	Title = {Disjunction, Focus, and Scope},
	Volume = {35},
	Year = {2004},
	Bdsk-Url-1 = {http://dx.doi.org/10.1162/002438904323019048}}

@article{Church:1936,
	Author = {Church, Alonzo},
	Issn = {00029327},
	Journal = {American Journal of Mathematics},
	Language = {English},
	Number = {2},
	Pages = {345-363},
	Publisher = {The Johns Hopkins University Press},
	Title = {{An Unsolvable Problem of Elementary Number Theory}},
	Volume = {58},
	Year = {1936}}

@book{Elbourne:2005,
	Address = {Cambridge, MA},
	Author = {Paul Elbourne},
	Date-Added = {2013-10-13 22:48:53 +0000},
	Date-Modified = {2013-10-13 22:49:32 +0000},
	Publisher = {MIT Press},
	Title = {{Situations and Individuals}},
	Year = {2005}}

@article{Schlenker:2011,
	Author = {Schlenker, Philippe},
	Doi = {10.1007/s10988-011-9098-1},
	Issn = {0165-0157},
	Journal = {Linguistics and Philosophy},
	Keywords = {Anaphora; E-type anaphora; Donkey anaphora; Dynamic semantics; Sign language},
	Language = {English},
	Number = {4},
	Pages = {341-395},
	Publisher = {Springer Netherlands},
	Title = {{Donkey anaphora: the view from sign language (ASL and LSF)}},
	Volume = {34},
	Year = {2011},
	Bdsk-Url-1 = {http://dx.doi.org/10.1007/s10988-011-9098-1}}

@article{Schlenker:2009,
	Author = {Philippe Schlenker},
	Date-Modified = {2015-01-08 19:39:33 +0000},
	Doi = {10.3765/sp.2.3},
	Journal = {{Semantics \& Pragmatics}},
	Keywords = {presupposition, local context, dynamic semantics, transparency theory},
	Month = {July},
	Number = {3},
	Pages = {1--78},
	Title = {{Local Contexts}},
	Volume = {2},
	Year = {2009},
	Bdsk-Url-1 = {http://dx.doi.org/10.3765/sp.2.3}}

@phdthesis{Hendriks:1993,
	Author = {Hendriks, Herman},
	Date-Modified = {2013-10-11 01:00:24 +0000},
	School = {University of Amsterdam},
	Title = {{Studied Flexibility: Categories and Types in Syntax and Semantics}},
	Type = {{Ph.D. thesis}},
	Year = {1993}}

@book{Geach:1962,
	Address = {Ithaca, NY},
	Author = {Peter Geach},
	Date-Added = {2013-10-08 19:19:28 +0000},
	Date-Modified = {2013-10-08 19:20:16 +0000},
	Publisher = {Cornell University Press},
	Title = {{Reference and Generality}},
	Year = {1962}}

@phdthesis{Charlow:inprep,
	Author = {Simon Charlow},
	Date-Added = {2013-10-08 03:40:44 +0000},
	Date-Modified = {2013-10-08 03:41:21 +0000},
	School = {New York University},
	Title = {Sub-clausal dynamics},
	Type = {{Ph.D. thesis}},
	Year = {in prep}}

@article{Zimmermann:2000,
	Author = {Zimmermann, Thomas Ede},
	Doi = {10.1023/A:1011255819284},
	Issn = {0925-854X},
	Journal = {{Natural Language Semantics}},
	Language = {English},
	Number = {4},
	Pages = {255-290},
	Publisher = {Kluwer Academic Publishers},
	Title = {{Free Choice Disjunction and Epistemic Possibility}},
	Volume = {8},
	Year = {2000},
	Bdsk-Url-1 = {http://dx.doi.org/10.1023/A:1011255819284}}

@article{Aloni:2007,
	Author = {Aloni, Maria},
	Doi = {10.1007/s11050-007-9010-2},
	Issn = {0925-854X},
	Journal = {{Natural Language Semantics}},
	Keywords = {Free choice; Indefinites; Disjunction; Alternatives; Modals; Imperatives},
	Language = {English},
	Number = {1},
	Pages = {65-94},
	Publisher = {Kluwer Academic Publishers},
	Title = {Free choice, modals, and imperatives},
	Volume = {15},
	Year = {2007},
	Bdsk-Url-1 = {http://dx.doi.org/10.1007/s11050-007-9010-2}}

@article{Dalrympleetal:1991,
	Author = {Mary Dalrymple and Stuart M. Shieber and Fernando C. N. Pereira},
	Date-Modified = {2013-10-07 01:15:08 +0000},
	Doi = {10.1007/BF00630923},
	Issn = {0165-0157},
	Journal = {Linguistics and Philosophy},
	Language = {English},
	Number = {4},
	Pages = {399-452},
	Publisher = {Kluwer Academic Publishers},
	Title = {Ellipsis and higher-order unification},
	Volume = {14},
	Year = {1991},
	Bdsk-Url-1 = {http://dx.doi.org/10.1007/BF00630923}}

@inproceedings{Heim:1983,
	Address = {Stanford},
	Author = {Irene Heim},
	Booktitle = {{Proceedings of the Second West Coast Conference on Formal Linguistics}},
	Date-Added = {2013-10-06 17:46:02 +0000},
	Date-Modified = {2013-10-25 00:38:53 +0000},
	Editor = {Michael Barlow and Daniel P. Flickinger and Michael T. Wescoat},
	Pages = {114-125},
	Publisher = {Stanford University Press},
	Title = {{On the Projection Problem for Presuppositions}},
	Year = {1983}}

@unpublished{Wescoat:1989,
	Author = {Michael Wescoat},
	Date-Added = {2013-10-02 16:32:18 +0000},
	Date-Modified = {2014-04-06 19:35:28 +0000},
	Note = {Unpublished ms.},
	Title = {{Sloppy Readings with Embedded Antecedents}},
	Year = {1989}}

@article{Tomioka:1999,
	Author = {Tomioka, Satoshi},
	Doi = {10.1023/A:1008309217917},
	Issn = {0925-854X},
	Journal = {Natural Language Semantics},
	Language = {English},
	Number = {2},
	Pages = {217-241},
	Publisher = {Kluwer Academic Publishers},
	Title = {A Sloppy Identity Puzzle},
	Volume = {7},
	Year = {1999},
	Bdsk-Url-1 = {http://dx.doi.org/10.1023/A:1008309217917}}

@article{Abusch:1994,
	Author = {Abusch, Dorit},
	Doi = {10.1007/BF01250400},
	Issn = {0925-854X},
	Journal = {Natural Language Semantics},
	Language = {English},
	Number = {2},
	Pages = {83-135},
	Publisher = {Kluwer Academic Publishers},
	Title = {The scope of indefinites},
	Volume = {2},
	Year = {1994},
	Bdsk-Url-1 = {http://dx.doi.org/10.1007/BF01250400}}

@phdthesis{Keshet:2008,
	Author = {Keshet, Ezra},
	Date-Added = {2013-10-01 18:49:11 +0000},
	Date-Modified = {2013-10-01 18:50:04 +0000},
	School = {Massachusetts Institute of Technology},
	Title = {{Good Intensions: Paving Two Roads to a Theory of the {\it De re/De dicto} Distinction}},
	Type = {{Ph.D. thesis}},
	Year = {2008}}

@incollection{GroenendijkRoelofsen:2009,
	Address = {Bilbao},
	Author = {Jeroen Groenendijk and Floris Roelofsen},
	Booktitle = {{Meaning, Content, and Argument: Proceedings of the ILCLI International Workshop on Semantics, Pragmatics, and Rhetoric}},
	Date-Added = {2013-10-01 16:31:57 +0000},
	Date-Modified = {2013-10-01 17:04:30 +0000},
	Editor = {Jesus M. Larrazabal and Laraitz Zubeldia},
	Publisher = {University of the Basque Country Press},
	Title = {{Inquisitive Semantics and Pragmatics}},
	Year = {2009}}

@incollection{Chomsky:2008,
	Address = {Cambridge, MA},
	Author = {Noam Chomsky},
	Booktitle = {{Foundational Issues in Linguistic Theory}},
	Date-Added = {2013-09-30 21:47:31 +0000},
	Date-Modified = {2013-09-30 21:49:16 +0000},
	Editor = {Robert Freidin and Carlos Otero and Maria-Luisa Zubizaretta},
	Pages = {133-166},
	Publisher = {MIT Press},
	Title = {{On phases}},
	Year = {2008}}

@inproceedings{Bumford:2013,
	Author = {Bumford, Dylan},
	Booktitle = {{Logic, Language and Meaning. Proceedings of the 19th Amsterdam Colloquium}},
	Date-Added = {2013-09-30 21:09:00 +0000},
	Date-Modified = {2014-06-16 21:42:25 +0000},
	Editor = {Maria Aloni and Michael Franke and Floris Roelofsen},
	Pages = {67-74},
	Title = {Universal quantification as iterated conjunction},
	Year = {2013}}

@book{May:1985,
	Address = {Cambridge, MA},
	Author = {Robert May},
	Date-Added = {2013-09-30 20:45:17 +0000},
	Date-Modified = {2013-09-30 20:45:53 +0000},
	Publisher = {MIT Press},
	Title = {{Logical Form: Its Structure and Derivation}},
	Year = {1985}}

@incollection{Wadler:1995,
	Author = {Wadler, Philip},
	Booktitle = {{Advanced Functional Programming}},
	Date-Modified = {2013-09-30 17:14:45 +0000},
	Doi = {10.1007/3-540-59451-5_2},
	Editor = {Jeuring, Johan and Meijer, Erik},
	Isbn = {978-3-540-59451-2},
	Pages = {24-52},
	Publisher = {Springer Berlin Heidelberg},
	Series = {{Lecture Notes in Computer Science}},
	Title = {Monads for functional programming},
	Volume = {925},
	Year = {1995},
	Bdsk-Url-1 = {http://dx.doi.org/10.1007/3-540-59451-5_2}}

@article{Schwarzschild:2002,
	Abstract = {I investigate the possibility that the apparent unique scope‐taking abilities of indefinites can be explained in terms of quantifier domain restriction, without departing from the classical view of indefinites as existential quantifiers over individuals whose scope is syntactically constrained in the same way as other quantifiers. The key idea is that when the domain of a quantifier is reduced to a singleton set, it becomes effectively scopeless. Indefinites, on this view, are freer than other quantifiers to make use of this option. I argue that alternative accounts which put the action in the semantics or the syntax of indefinites still need a pragmatic mechanism of quantifier domain restriction, so that to demonstrate the necessity for such approaches, one needs to explain why domain restriction down to singletons is not possible.There is an intuition that indefinites have specific readings in which they are referential and where the speaker can identify the referent, but the hearer cannot. In the final section of the paper, I try to make sense of that intuition in the context of a theory in which indefinites are apt to have singleton domains. I arrive at the conclusion that it is a symptom of a more general phenomenon whereby contextual parameters can be relativized to bearers of propositional attitudes.},
	Author = {Roger Schwarzschild},
	Date-Added = {2013-09-28 22:33:38 +0000},
	Date-Modified = {2013-09-28 22:34:28 +0000},
	Doi = {10.1093/jos/19.3.289},
	Journal = {{Journal of Semantics}},
	Number = {3},
	Pages = {289-314},
	Title = {{Singleton Indefinites}},
	Volume = {19},
	Year = {2002},
	Bdsk-Url-1 = {http://jos.oxfordjournals.org/content/19/3/289.abstract},
	Bdsk-Url-2 = {http://dx.doi.org/10.1093/jos/19.3.289}}

@inproceedings{Leu:2005,
	Address = {Amherst, MA},
	Author = {Thomas Leu},
	Booktitle = {{NELS 35: Proceedings of the 35th Annual Meeting of the North East Linguistic Society}},
	Date-Added = {2013-09-28 21:34:46 +0000},
	Date-Modified = {2013-09-28 21:37:23 +0000},
	Editor = {Leah Bateman and Cherlon Ussery},
	Pages = {379--390},
	Publisher = {GLSA},
	Title = {{Donkey pronouns: Void Descriptions?}},
	Year = {2005}}

@inproceedings{Brennan:2011,
	Address = {Amherst, MA},
	Author = {Jonathan Brennan},
	Booktitle = {{NELS 39: Proceedings of the 39th Annual Meeting of the North East Linguistic Society}},
	Date-Added = {2013-09-28 21:28:40 +0000},
	Date-Modified = {2014-04-17 23:17:14 +0000},
	Editor = {Suzi Lima and Kevin Mullin and Brian Smith},
	Pages = {151-163},
	Publisher = {GLSA},
	Title = {{Indefinites, Choice Functions, and Discourse Anaphora}},
	Year = {2011}}

@unpublished{Szabolcsi:2013,
	Author = {Anna Szabolcsi},
	Date-Added = {2013-09-28 17:52:08 +0000},
	Date-Modified = {2014-04-06 19:35:32 +0000},
	Note = {Unpublished ms.},
	Title = {What do quantifier particles do?},
	Year = {2013}}

@incollection{Heim:2011,
	Address = {Berlin},
	Author = {Irene Heim},
	Booktitle = {{Semantics: An International Handbook of Natural Language Meaning}},
	Chapter = {41},
	Date-Added = {2013-09-27 18:16:15 +0000},
	Date-Modified = {2015-01-08 18:34:13 +0000},
	Doi = {10.1515/9783110255072.996},
	Editor = {Klaus von Heusinger and Claudia Maienborn and Paul Portner},
	Pages = {996--1025},
	Publisher = {de Gruyter},
	Title = {Definiteness and indefiniteness},
	Volume = {33 (HSK 2)},
	Year = {2011},
	Bdsk-Url-1 = {http://dx.doi.org/10.1515/9783110255072.996}}

@incollection{Jaeger:2007,
	Address = {Houndsmills, Basingstoke, Hampshire},
	Author = {Gerhard J\"ager},
	Booktitle = {{Presupposition and Implicature in Compositional Semantics}},
	Date-Added = {2013-09-27 16:43:58 +0000},
	Date-Modified = {2013-09-27 16:49:33 +0000},
	Editor = {Uli Sauerland and Penka Stateva},
	Pages = {121--162},
	Publisher = {Palgrave Macmillan},
	Title = {{Partial Variables and Specificity}},
	Year = {2007}}

@incollection{Farkas:2000,
	Address = {Dordrecht},
	Author = {Donka F. Farkas},
	Booktitle = {{Reference and Anaphoric Relations}},
	Date-Added = {2013-09-27 16:40:02 +0000},
	Date-Modified = {2013-09-27 16:41:20 +0000},
	Editor = {Klaus von Heusinger and Urs Egli},
	Pages = {79--108},
	Publisher = {Kluwer Academic Publishers},
	Title = {{Scope Matters}},
	Year = {2000}}

@incollection{Szabolcsi:2003,
	Address = {Dordrecht},
	Author = {Anna Szabolcsi},
	Booktitle = {{Resource-Sensitivity, Binding and Anaphora}},
	Date-Added = {2013-09-27 16:31:55 +0000},
	Date-Modified = {2013-09-27 16:38:07 +0000},
	Editor = {Geert-Jan M. Kruijff and Richard T. Oehrle},
	Pages = {215--227},
	Publisher = {Kluwer Academic Publishers},
	Title = {{Binding on the Fly: Cross-Sentential Anaphora in Variable-Free Semantics}},
	Year = {2003}}

@inproceedings{Evans:1988,
	Author = {Frederic Evans},
	Booktitle = {{Proceedings of the 5th Annual Eastern States Conference on Linguistics}},
	Date-Modified = {2013-11-18 19:00:55 +0000},
	Editor = {Joyce Powers and Kenneth de Jong},
	Organization = {ESCOL Publications Committee: Linguistics Department, The Ohio State University},
	Pages = {122-129},
	Title = {{Binding into Anaphoric Verb Phrases}},
	Year = {1988}}

@inproceedings{DanvyFilinski:1990,
	Address = {New York},
	Author = {Danvy, Olivier and Andrzej Filinski},
	Booktitle = {{Proceedings of the 1990 ACM conference on Lisp and functional programming}},
	Date-Added = {2013-09-26 23:24:13 +0000},
	Date-Modified = {2013-09-28 20:35:00 +0000},
	Pages = {151--160},
	Publisher = {ACM Press},
	Title = {Abstracting control},
	Year = {1990}}

@article{Fine:2013,
	Author = {Fine, Kit},
	Doi = {10.1007/s10992-013-9281-7},
	Issn = {0022-3611},
	Journal = {Journal of Philosophical Logic},
	Keywords = {Intuitionism; Intuitionistic logic; Forcing; Construction; Realism; Truthmaker; Truthmaking; Conditional; Realism},
	Language = {English},
	Pages = {1-29},
	Publisher = {Springer Netherlands},
	Title = {Truth-Maker Semantics for Intuitionistic Logic},
	Year = {2013},
	Bdsk-Url-1 = {http://dx.doi.org/10.1007/s10992-013-9281-7}}

@incollection{Kamp:1981,
	Author = {Hans Kamp},
	Booktitle = {{Formal Methods in the Study of Language}},
	Date-Added = {2013-09-26 23:10:56 +0000},
	Date-Modified = {2013-10-03 16:46:27 +0000},
	Editor = {Jeroen Groenendijk and Theo Janssen and Martin Stokhof},
	Pages = {277--322},
	Publisher = {Mathematical Centre Amsterdam},
	Title = {A theory of truth and semantic interpretation},
	Year = {1981}}

@phdthesis{Heim:1982,
	Author = {Irene Heim},
	Date-Added = {2013-09-26 23:09:30 +0000},
	Date-Modified = {2013-09-30 20:05:37 +0000},
	School = {University of Massachusetts, Amherst},
	Title = {{The Semantics of Definite and Indefinite Noun Phrases}},
	Type = {{Ph.D. thesis}},
	Year = {1982}}

@incollection{Montague:1974,
	Address = {New Haven},
	Author = {Richard Montague},
	Booktitle = {{Formal Philosophy}},
	Chapter = {8},
	Date-Added = {2013-09-26 23:02:35 +0000},
	Date-Modified = {2015-02-05 16:25:05 +0000},
	Editor = {Richmond Thomason},
	Pages = {247--270},
	Publisher = {Yale University Press},
	Title = {{The proper treatment of quantification in ordinary English}},
	Year = {1974}}

@article{Muskens:1996,
	Author = {Muskens, Reinhard},
	Date-Modified = {2014-02-06 17:15:12 +0000},
	Doi = {10.1007/BF00635836},
	Issn = {0165-0157},
	Journal = {Linguistics and Philosophy},
	Language = {English},
	Number = {2},
	Pages = {143-186},
	Publisher = {Kluwer Academic Publishers},
	Title = {{Combining Montague semantics and discourse representation}},
	Volume = {19},
	Year = {1996},
	Bdsk-Url-1 = {http://dx.doi.org/10.1007/BF00635836}}

@book{Chierchia:1995,
	Address = {Chicago},
	Author = {Gennaro Chierchia},
	Date-Added = {2013-09-26 18:52:51 +0000},
	Date-Modified = {2014-06-29 16:24:33 +0000},
	Publisher = {University of Chicago Press},
	Title = {{The Dynamics of Meaning: Anaphora, Presupposition and the Theory of Grammar}},
	Year = {1995}}

@article{Kanazawa:1994,
	Author = {Kanazawa, Makoto},
	Date-Modified = {2013-09-26 23:41:12 +0000},
	Doi = {10.1007/BF00984775},
	Issn = {0165-0157},
	Journal = {Linguistics and Philosophy},
	Language = {English},
	Number = {2},
	Pages = {109-158},
	Publisher = {Kluwer Academic Publishers},
	Title = {Weak vs. strong readings of donkey sentences and monotonicity inference in a dynamic setting},
	Volume = {17},
	Year = {1994},
	Bdsk-Url-1 = {http://dx.doi.org/10.1007/BF00984775}}

@incollection{SchubertPelletier:1989,
	Address = {Dordrecht},
	Author = {Lenhart K. Schubert and Francis Jeffry Pelletier},
	Booktitle = {Properties, Types and Meaning, Volume II: Semantic Issues},
	Date-Added = {2013-09-26 18:49:41 +0000},
	Date-Modified = {2013-11-11 23:09:39 +0000},
	Editor = {Barbara H. Partee and Gennaro Chierchia and Raymond Turner},
	Pages = {193--268},
	Publisher = {Kluwer Academic Publishers},
	Title = {Generically speaking},
	Year = {1989}}

@article{Barker:2013,
	Author = {Barker, Chris},
	Date-Modified = {2013-09-26 23:40:36 +0000},
	Doi = {10.1007/s10988-013-9137-1},
	Issn = {0165-0157},
	Journal = {Linguistics and Philosophy},
	Keywords = {Sluicing; Sprouting; Continuations; Scopability; Scope; Focus; Type logical grammar; Anaphora; Amalgams},
	Language = {English},
	Number = {3},
	Pages = {187-223},
	Publisher = {Springer Netherlands},
	Title = {Scopability and sluicing},
	Volume = {36},
	Year = {2013},
	Bdsk-Url-1 = {http://dx.doi.org/10.1007/s10988-013-9137-1}}

@inproceedings{Hardtetal:2013,
	Address = {Ithaca, NY},
	Author = {Daniel Hardt and Nicholas Asher and Julie Hunter},
	Booktitle = {{Proceedings of Semantics and Linguistic Theory 23}},
	Date-Added = {2013-09-26 18:46:24 +0000},
	Date-Modified = {2013-11-13 22:13:37 +0000},
	Editor = {Todd Snider},
	Pages = {239--256},
	Publisher = {Cornell University},
	Title = {{VP ellipsis without indices}},
	Year = {2013}}

@phdthesis{Hardt:1993,
	Author = {Daniel Hardt},
	Date-Added = {2013-09-26 18:45:09 +0000},
	Date-Modified = {2014-04-15 22:41:01 +0000},
	School = {University of Pennsylvania},
	Title = {{VP Ellipsis: Form, Meaning, and Processing}},
	Year = {1993}}

@incollection{Kratzer:1991,
	Address = {Berlin},
	Author = {Angelika Kratzer},
	Booktitle = {Semantics: An International Handbook of Contemporary Research},
	Chapter = {40},
	Date-Added = {2013-09-26 18:43:04 +0000},
	Date-Modified = {2013-10-09 17:45:59 +0000},
	Editor = {Arnim von Stechow and Dieter Wunderlich},
	Pages = {825--834},
	Publisher = {de Gruyter},
	Title = {The representation of focus},
	Year = {1991}}

@phdthesis{Webber:1978,
	Address = {Cambridge, MA},
	Author = {Bonnie Webber},
	Date-Added = {2013-09-26 18:41:54 +0000},
	Date-Modified = {2013-09-26 18:42:25 +0000},
	School = {Harvard University},
	Title = {A formal approach to discourse anaphora},
	Type = {{Ph.D. thesis}},
	Year = {1978}}

@article{Elbourne:2008,
	Author = {Paul Elbourne},
	Date-Added = {2013-09-26 18:41:13 +0000},
	Date-Modified = {2014-04-04 15:37:36 +0000},
	Doi = {10.1162/ling.2008.39.2.191},
	Journal = {Linguistic Inquiry},
	Number = {2},
	Pages = {191--220},
	Title = {{Ellipsis Sites as Definite Descriptions}},
	Volume = {39},
	Year = {2008},
	Bdsk-Url-1 = {http://dx.doi.org/10.1162/ling.2008.39.2.191}}

@book{FiengoMay:1994,
	Address = {Cambridge, MA},
	Author = {Robert Fiengo and Robert May},
	Date-Added = {2013-09-26 18:39:47 +0000},
	Date-Modified = {2013-09-30 19:49:45 +0000},
	Publisher = {MIT Press},
	Title = {{Indices and Identity}},
	Year = {1994}}

@inproceedings{RoothPartee:1982,
	Address = {Stanford},
	Author = {Mats Rooth and Barbara H. Partee},
	Booktitle = {{Proceedings of the First West Coast Conference on Formal Linguistics}},
	Date-Added = {2013-09-26 18:37:48 +0000},
	Date-Modified = {2013-10-25 00:39:21 +0000},
	Editor = {Daniel P. Flickinger and Marlys Macken and Nancy Wiegand},
	Pages = {353--362},
	Publisher = {Stanford Linguistics Association},
	Title = {Conjunction, type ambiguity, and wide scope `or'},
	Year = {1982}}

@inproceedings{Stone:1992,
	Author = {Matthew Stone},
	Booktitle = {{Proceedings of Semantics and Linguistic Theory 2}},
	Date-Added = {2013-09-26 18:36:14 +0000},
	Date-Modified = {2014-06-28 18:30:15 +0000},
	Editor = {Chris Barker and David Dowty},
	Pages = {367--385},
	Series = {OSU Working Papers in Linguistics 40},
	Title = {{\it Or} and anaphora},
	Year = {1992}}

@incollection{ParteeRooth:1983,
	Address = {Berlin},
	Author = {Barbara H. Partee and Mats Rooth},
	Booktitle = {{Meaning, Use and Interpretation of Language}},
	Date-Added = {2013-09-26 18:34:49 +0000},
	Date-Modified = {2015-01-04 19:31:43 +0000},
	Editor = {Rainer B\"auerle and Christoph Schwarze and Arnim von Stechow},
	Pages = {361-383},
	Publisher = {Walter de Gruyter},
	Title = {Generalized conjunction and type ambiguity},
	Year = {1983}}

@phdthesis{Schwarz:2000,
	Author = {Bernhard Schwarz},
	Date-Added = {2013-09-26 18:33:56 +0000},
	Date-Modified = {2013-09-30 00:49:57 +0000},
	School = {University of Massachusetts, Amherst},
	Title = {{Topics in Ellipsis}},
	Type = {{Ph.D. thesis}},
	Year = {2000}}

@inproceedings{Charlow:2008,
	Author = {Simon Charlow},
	Booktitle = {Proceedings of Semantics and Linguistic Theory 18},
	Date-Added = {2013-09-26 18:32:18 +0000},
	Date-Modified = {2013-09-28 20:29:34 +0000},
	Editor = {Tova Friedman and Satoshi Ito},
	Pages = {194--211},
	Title = {{Free and Bound Pro-Verbs: A Unified Treatment of Anaphora}},
	Year = {2008}}

@phdthesis{Tancredi:1992,
	Author = {Chris Tancredi},
	Date-Added = {2013-09-26 18:31:21 +0000},
	Date-Modified = {2013-09-28 20:31:35 +0000},
	School = {Massachusetts Institute of Technology},
	Title = {{Deletion, Deaccenting and Presupposition}},
	Type = {{Ph.D. thesis}},
	Year = {1992}}

@phdthesis{Sag:1976,
	Author = {Ivan A. Sag},
	Date-Added = {2013-09-26 18:30:37 +0000},
	Date-Modified = {2013-09-26 18:31:06 +0000},
	School = {Massachusetts Institute of Technology},
	Title = {Deletion and logical form},
	Type = {{Ph.D. thesis}},
	Year = {1976}}

@article{BrasoveanuFarkas:2011,
	Author = {Brasoveanu, Adrian and Farkas, Donka F.},
	Date-Modified = {2013-09-27 16:10:38 +0000},
	Doi = {10.1007/s10988-011-9092-7},
	Issn = {0165-0157},
	Journal = {Linguistics and Philosophy},
	Keywords = {Exceptional scope; (Dependent) indefinites; Choice/Skolem functions; Plural logic; Independence-friendly logic},
	Language = {English},
	Number = {1},
	Pages = {1-55},
	Publisher = {Springer Netherlands},
	Title = {How indefinites choose their scope},
	Volume = {34},
	Year = {2011},
	Bdsk-Url-1 = {http://dx.doi.org/10.1007/s10988-011-9092-7}}

@inproceedings{NovelRomero:2010,
	Author = {Novel, Marc and Maribel Romero},
	Booktitle = {{Proceedings of Sinn und Bedeutung 14}},
	Date-Added = {2013-09-26 18:28:03 +0000},
	Date-Modified = {2013-09-30 00:06:24 +0000},
	Editor = {Martin Prinzhorn and Viola Schmitt and Sarah Zobel},
	Pages = {322--338},
	Title = {{Movement, Variables and Hamblin Alternatives}},
	Year = {2010}}

@book{Link:1998,
	Address = {Stanford},
	Author = {Godehard Link},
	Date-Added = {2013-09-26 18:26:00 +0000},
	Date-Modified = {2013-10-25 00:38:58 +0000},
	Publisher = {CSLI Publications},
	Title = {{Algebraic Semantics in Language and Philosophy}},
	Year = {1998}}

@article{Wadler:1994,
	Acmid = {184326},
	Address = {Hingham, MA, USA},
	Author = {Wadler, Philip},
	Date-Modified = {2013-09-26 23:29:47 +0000},
	Doi = {10.1007/BF01019944},
	Issn = {0892-4635},
	Issue_Date = {Jan. 1994},
	Journal = {Lisp and Symbolic Computation},
	Keywords = {continuation-passing style, continuations, monads, types},
	Month = jan,
	Number = {1},
	Numpages = {18},
	Pages = {39--56},
	Publisher = {Kluwer Academic Publishers},
	Title = {Monads and composable continuations},
	Volume = {7},
	Year = {1994},
	Bdsk-Url-1 = {http://dx.doi.org/10.1007/BF01019944}}

@inproceedings{Shan:2002,
	Author = {Shan, Chung-chieh},
	Booktitle = {{Proceedings of the ESSLLI 2001 Student Session}},
	Date-Added = {2013-09-26 18:22:04 +0000},
	Date-Modified = {2013-09-28 20:33:21 +0000},
	Editor = {Kristina Striegnitz},
	Pages = {285--298},
	Title = {Monads for natural language semantics},
	Year = {2002}}

@incollection{Partee:1986,
	Address = {Dordrecht},
	Author = {Barbara H. Partee},
	Booktitle = {{Studies in Discourse Representation Theory and the Theory of Generalized Quantifiers}},
	Date-Added = {2013-09-26 18:19:41 +0000},
	Date-Modified = {2013-10-15 18:12:11 +0000},
	Editor = {Jeroen Groenendijk and Dick de Jongh and Martin Stokhof},
	Pages = {115--143},
	Publisher = {Foris},
	Title = {{Noun Phrase Interpretation and Type-shifting Principles}},
	Year = {1986}}

@article{Barker:2002,
	Author = {Barker, Chris},
	Date-Modified = {2013-09-28 20:29:01 +0000},
	Doi = {10.1023/A:1022183511876},
	Issn = {0925-854X},
	Journal = {Natural Language Semantics},
	Language = {English},
	Number = {3},
	Pages = {211-242},
	Publisher = {Kluwer Academic Publishers},
	Title = {{Continuations and the Nature of Quantification}},
	Volume = {10},
	Year = {2002},
	Bdsk-Url-1 = {http://dx.doi.org/10.1023/A:1022183511876}}

@inproceedings{Rooth:1992,
	Address = {Stuttgart},
	Author = {Mats Rooth},
	Booktitle = {{Proceedings of the Stuttgart Workshop on Ellipsis, {\rm no. 29 in Arbeitspapiere des SFB 340}}},
	Date-Added = {2013-09-26 18:16:26 +0000},
	Date-Modified = {2013-10-02 00:18:54 +0000},
	Editor = {Berman, Steven and Arild Hestvik},
	Publisher = {University of Stuttgart},
	Title = {Ellipsis redundancy and reduction redundancy},
	Year = {1992}}

@book{Szabolcsi:2010,
	Address = {New York},
	Author = {Anna Szabolcsi},
	Date-Added = {2013-09-26 18:14:11 +0000},
	Date-Modified = {2013-09-26 18:15:16 +0000},
	Publisher = {Cambridge University Press},
	Title = {Quantification},
	Year = {2010}}

@phdthesis{Ruys:1992,
	Author = {Eddy Ruys},
	Date-Added = {2013-09-26 18:13:17 +0000},
	Date-Modified = {2013-09-28 20:30:48 +0000},
	School = {OTS, University of Utrecht},
	Title = {{The Scope of Indefinites}},
	Type = {{Ph.D. thesis}},
	Year = {1992}}

@inproceedings{Schwarz:2001,
	Author = {Bernhard Schwarz},
	Booktitle = {{Proceedings of the Thirteenth Amsterdam Colloquium}},
	Date-Added = {2013-09-26 18:12:06 +0000},
	Date-Modified = {2013-09-28 18:25:20 +0000},
	Editor = {Robert van Rooy and Martin Stokhof},
	Pages = {192--197},
	Publisher = {University of Amsterdam},
	Title = {Two kinds of long-distance indefinites},
	Year = {2001}}

@article{Geurts:2000,
	Author = {Bart Geurts},
	Date-Added = {2013-09-26 18:10:41 +0000},
	Date-Modified = {2013-09-28 20:28:54 +0000},
	Doi = {10.1162/002438900554550},
	Journal = {Linguistic Inquiry},
	Number = {4},
	Pages = {731--738},
	Title = {{Indefinites and Choice Functions}},
	Volume = {31},
	Year = {2000},
	Bdsk-Url-1 = {http://dx.doi.org/10.1162/002438900554550}}

@inproceedings{Farkas:1981,
	Address = {Chicago},
	Author = {Donka F. Farkas},
	Booktitle = {{Papers from the Seventh Regional Meeting, Chicago Linguistic Society}},
	Date-Added = {2013-09-26 18:07:58 +0000},
	Date-Modified = {2014-06-29 16:24:47 +0000},
	Editor = {Roberta Hendrick and Carrie Masek and Mary Frances Miller},
	Pages = {59--66},
	Publisher = {CLS},
	Title = {Quantifier scope and syntactic islands},
	Year = {1981}}

@article{FodorSag:1982,
	Author = {Fodor, Janet Dean and Sag, Ivan A.},
	Date-Modified = {2013-09-26 23:29:26 +0000},
	Doi = {10.1007/BF00351459},
	Issn = {0165-0157},
	Journal = {Linguistics and Philosophy},
	Language = {English},
	Number = {3},
	Pages = {355-398},
	Publisher = {Kluwer Academic Publishers},
	Title = {Referential and quantificational indefinites},
	Volume = {5},
	Year = {1982},
	Bdsk-Url-1 = {http://dx.doi.org/10.1007/BF00351459}}

@article{Buring:2004,
	Author = {B\"uring, Daniel},
	Date-Modified = {2013-09-28 20:29:19 +0000},
	Doi = {10.1023/B:NALS.0000011144.81075.a8},
	Issn = {0925-854X},
	Journal = {Natural Language Semantics},
	Language = {English},
	Number = {1},
	Pages = {23-62},
	Publisher = {Kluwer Academic Publishers},
	Title = {{Crossover Situations}},
	Volume = {12},
	Year = {2004},
	Bdsk-Url-1 = {http://dx.doi.org/10.1023/B:NALS.0000011144.81075.a8}}

@unpublished{Larson:1985,
	Author = {Richard K. Larson},
	Date-Added = {2013-09-26 18:02:35 +0000},
	Date-Modified = {2014-04-06 19:35:11 +0000},
	Note = {Unpublished ms.},
	Title = {{Quantifying into NP}},
	Year = {1985}}

@article{Nouwen:2003,
	Author = {Nouwen, Rick},
	Date-Modified = {2013-11-11 23:38:53 +0000},
	Doi = {10.1093/jos/20.1.73},
	Eprint = {http://jos.oxfordjournals.org/content/20/1/73.full.pdf+html},
	Journal = {Journal of Semantics},
	Number = {1},
	Pages = {73-113},
	Title = {{Complement Anaphora and Interpretation}},
	Volume = {20},
	Year = {2003},
	Bdsk-Url-1 = {http://dx.doi.org/10.1093/jos/20.1.73}}

@inproceedings{Shan:2004,
	Address = {Ithaca, NY},
	Author = {Shan, Chung-chieh},
	Booktitle = {{Proceedings of Semantics and Linguistic Theory 14}},
	Date-Added = {2013-09-26 17:58:09 +0000},
	Date-Modified = {2013-11-13 22:10:46 +0000},
	Editor = {Kazuha Watanabe and Robert B. Young},
	Pages = {289--304},
	Publisher = {Cornell University},
	Title = {{Binding alongside Hamblin alternatives calls for variable-free semantics}},
	Year = {2004}}

@inproceedings{Groote:2006,
	Address = {Ithaca, NY},
	Author = {Philippe de Groote},
	Booktitle = {{Proceedings of Semantics and Linguistic Theory 16}},
	Date-Added = {2013-09-26 17:55:42 +0000},
	Date-Modified = {2013-09-28 20:37:15 +0000},
	Editor = {Masayuki Gibson and Jonathan Howell},
	Pages = {1--16},
	Publisher = {Cornell University},
	Title = {{Towards a Montagovian account of dynamics}},
	Year = {2006}}

@article{Eijck:2001,
	Author = {van Eijck, Jan},
	Date-Modified = {2013-09-28 20:29:54 +0000},
	Doi = {10.1023/A:1011251627260},
	Issn = {0925-8531},
	Journal = {Journal of Logic, Language and Information},
	Keywords = {anaphora and context; complete calculus for dynamic reasoning with anaphora; dynamic semantics of natural language; incremental interpretation; monotonic semantics},
	Language = {English},
	Number = {3},
	Pages = {319-351},
	Publisher = {Kluwer Academic Publishers},
	Title = {{Incremental Dynamics}},
	Volume = {10},
	Year = {2001},
	Bdsk-Url-1 = {http://dx.doi.org/10.1023/A:1011251627260}}

@article{Schlenker:2006,
	Author = {Schlenker, Philippe},
	Date-Modified = {2013-09-28 20:30:58 +0000},
	Doi = {10.1093/jos/ffl005},
	Eprint = {http://jos.oxfordjournals.org/content/23/3/281.full.pdf+html},
	Journal = {Journal of Semantics},
	Number = {3},
	Pages = {281-314},
	Title = {{Scopal Independence: A Note on Branching and Wide Scope Readings of Indefinites and Disjunctions}},
	Volume = {23},
	Year = {2006},
	Bdsk-Url-1 = {http://dx.doi.org/10.1093/jos/ffl005}}

@article{Schlenker:2005,
	Author = {Schlenker, Philippe},
	Date-Modified = {2013-09-28 20:30:53 +0000},
	Doi = {10.1007/s11050-004-2440-1},
	Issn = {0925-854X},
	Journal = {Natural Language Semantics},
	Language = {English},
	Number = {1},
	Pages = {1-92},
	Publisher = {Kluwer Academic Publishers},
	Title = {{Non-Redundancy: Towards a Semantic Reinterpretation of Binding Theory}},
	Volume = {13},
	Year = {2005},
	Bdsk-Url-1 = {http://dx.doi.org/10.1007/s11050-004-2440-1}}

@inproceedings{GroenendijkStokhof:1990,
	Address = {Budapest},
	Author = {Groenendijk, Jeroen and Stokhof, Martin},
	Booktitle = {{Proceedings of the Second Symposium on Logic and Language}},
	Date-Added = {2013-09-26 17:47:17 +0000},
	Date-Modified = {2013-10-17 19:59:00 +0000},
	Editor = {Laszlo Kalman and Laszlo Polos},
	Pages = {3-48},
	Publisher = {E\"otv\"os Lor\'and University Press},
	Title = {{Dynamic Montague Grammar}},
	Year = {1990}}

@phdthesis{Brasoveanu:2007,
	Author = {Adrian Brasoveanu},
	Date-Added = {2013-09-26 17:45:15 +0000},
	Date-Modified = {2013-09-26 17:45:42 +0000},
	School = {Rutgers University},
	Title = {Structured nominal and modal reference},
	Type = {{Ph.D. thesis}},
	Year = {2007}}

@phdthesis{Dekker:1993,
	Author = {Paul Dekker},
	Date-Added = {2013-09-26 17:42:36 +0000},
	Date-Modified = {2013-09-26 17:43:05 +0000},
	School = {University of Amsterdam},
	Title = {Transsentential meditations: ups and downs in dynamic semantics},
	Type = {{Ph.D. thesis}},
	Year = {1993}}

@article{GroenendijkStokhof:1991,
	Author = {Groenendijk, Jeroen and Stokhof, Martin},
	Doi = {10.1007/BF00628304},
	Issn = {0165-0157},
	Journal = {Linguistics and Philosophy},
	Language = {English},
	Number = {1},
	Pages = {39-100},
	Publisher = {Kluwer Academic Publishers},
	Title = {Dynamic predicate logic},
	Volume = {14},
	Year = {1991},
	Bdsk-Url-1 = {http://dx.doi.org/10.1007/BF00628304}}

@incollection{Charlow:2012,
	Author = {Charlow, Simon},
	Booktitle = {{Logic, Language and Meaning}},
	Date-Modified = {2013-10-05 22:57:17 +0000},
	Doi = {10.1007/978-3-642-31482-7_27},
	Editor = {Aloni, Maria and Kimmelman, Vadim and Roelofsen, Floris and Sassoon, Galit W. and Schulz, Katrin and Westera, Matthijs},
	Isbn = {978-3-642-31481-0},
	Pages = {261--270},
	Publisher = {Springer Berlin Heidelberg},
	Series = {Lecture Notes in Computer Science},
	Title = {{Cross-Categorial Donkeys}},
	Volume = {7218},
	Year = {2012},
	Bdsk-Url-1 = {http://dx.doi.org/10.1007/978-3-642-31482-7_27}}

@unpublished{Barker:2008,
	Author = {Chris Barker},
	Date-Added = {2013-09-26 17:34:29 +0000},
	Date-Modified = {2013-09-26 23:53:49 +0000},
	Note = {Unpublished ms.},
	Title = {Notes on presupposition and order of composition},
	Year = {2008}}

@phdthesis{Rooth:1985,
	Author = {Mats Rooth},
	Date-Added = {2013-09-26 17:26:58 +0000},
	Date-Modified = {2013-10-13 23:37:26 +0000},
	School = {University of Massachusetts, Amherst},
	Title = {{Association with Focus}},
	Type = {{Ph.D. thesis}},
	Year = {1985}}

@phdthesis{Alonso-Ovalle:2006,
	Author = {Luis Alonso-Ovalle},
	Date-Added = {2013-09-26 17:25:46 +0000},
	Date-Modified = {2013-10-05 16:53:52 +0000},
	School = {University of Massachusetts, Amherst},
	Title = {{Disjunction in Alternative Semantics}},
	Type = {{Ph.D. thesis}},
	Year = {2006}}

@inproceedings{Moggi:1989,
	Acmid = {77353},
	Address = {Piscataway, NJ, USA},
	Author = {Moggi, Eugenio},
	Booktitle = {{Proceedings of the Fourth Annual Symposium on Logic in computer science}},
	Date-Modified = {2013-09-28 20:36:03 +0000},
	Isbn = {0-8186-1954-6},
	Location = {Pacific Grove, California, USA},
	Numpages = {10},
	Pages = {14--23},
	Publisher = {IEEE Press},
	Title = {Computational lambda-calculus and monads},
	Year = {1989}}

@inproceedings{KratzerShimoyama:2002,
	Address = {Tokyo},
	Author = {Angelika Kratzer and Junko Shimoyama},
	Booktitle = {{Proceedings of the Third Tokyo Conference on Psycholinguistics}},
	Date-Added = {2013-09-26 17:19:29 +0000},
	Date-Modified = {2013-09-27 16:11:35 +0000},
	Editor = {Yukio Otsu},
	Pages = {1--25},
	Publisher = {Hituzi Syobo},
	School = {UMass Amherst},
	Title = {{Indeterminate Pronouns: The View from Japanese}},
	Year = {2002}}

@article{Hardt:1999,
	Author = {Daniel Hardt},
	Date-Modified = {2013-09-30 00:50:44 +0000},
	Journal = {Linguistics and Philosophy},
	Pages = {187--221},
	Title = {{Dynamic Interpretation of Verb Phrase Ellipsis}},
	Volume = {22},
	Year = {1999}}

@article{BarkerShan:2008,
	Author = {Chris Barker and Shan, Chung-chieh},
	Date-Modified = {2015-01-08 19:39:16 +0000},
	Doi = {10.3765/sp.1.1},
	Journal = {{Semantics \& Pragmatics}},
	Keywords = {donkey anaphora, continuations, E-type pronoun, type-shifting, scope, quantification, binding, dynamic semantics, weak crossover, donkey pronoun, variable-free, direct compositionality, D-type pronoun, conditionals, situation semantics, c-command, dynamic predicate logic, donkey weak crossover},
	Month = {June},
	Number = {1},
	Pages = {1-46},
	Title = {{Donkey Anaphora is In-Scope Binding}},
	Volume = {1},
	Year = {2008},
	Bdsk-Url-1 = {http://dx.doi.org/10.3765/sp.1.1}}

@article{Hamblin:1973,
	Author = {Hamblin, C. L.},
	Date-Modified = {2013-10-13 23:34:41 +0000},
	Issn = {0015900X},
	Journal = {Foundations of Language},
	Jstor_Formatteddate = {May, 1973},
	Number = {1},
	Pages = {41-53},
	Publisher = {Springer},
	Title = {{Questions in Montague English}},
	Volume = {10},
	Year = {1973}}

@phdthesis{Shan:2005,
	Author = {Shan, Chung-chieh},
	Date-Added = {2013-09-26 17:17:33 +0000},
	Date-Modified = {2013-09-28 20:31:16 +0000},
	School = {Harvard University},
	Title = {{Linguistic Side Effects}},
	Type = {{Ph.D. thesis}},
	Year = {2005}}

@article{ShanBarker:2006,
	Author = {Shan, Chung-chieh and Chris Barker},
	Date-Modified = {2014-03-24 00:57:35 +0000},
	Doi = {10.1007/s10988-005-6580-7},
	Journal = {Linguistics and Philosophy},
	Number = {1},
	Pages = {91--134},
	Title = {{Explaining Crossover and Superiority as Left-to-right Evaluation}},
	Volume = {29},
	Year = {2006},
	Bdsk-Url-1 = {http://dx.doi.org/10.1007/s10988-005-6580-7}}

@phdthesis{Fodor:1970,
	Author = {Janet Dean Fodor},
	Date-Modified = {2013-10-13 17:28:17 +0000},
	School = {Massachusetts Institute of Technology},
	Title = {{The Linguistic Description of Opaque Contexts}},
	Type = {{Ph.D. thesis}},
	Year = {1970}}

@book{HeimKratzer:1998,
	Address = {Oxford},
	Author = {Heim, Irene and Kratzer, Angelika},
	Date-Modified = {2013-09-26 23:01:15 +0000},
	Publisher = {Blackwell},
	Title = {Semantics in generative grammar},
	Year = {1998}}

@article{Jacobson:1999,
	Author = {Pauline Jacobson},
	Date-Modified = {2013-09-28 20:30:26 +0000},
	Doi = {10.1023/A:1005464228727},
	Journal = {Linguistics and Philosophy},
	Pages = {117--184},
	Title = {{Towards a Variable-Free Semantics}},
	Volume = {22},
	Year = {1999},
	Bdsk-Url-1 = {http://dx.doi.org/10.1023/A:1005464228727}}

@incollection{Kratzer:1998,
	Address = {Dordrecht},
	Author = {Angelika Kratzer},
	Booktitle = {{Events and Grammar}},
	Date-Modified = {2013-11-11 23:09:28 +0000},
	Editor = {Susan Rothstein},
	Pages = {163--196},
	Publisher = {Kluwer Academic Publishers},
	Title = {{Scope or pseudoscope? Are there wide scope indefinites?}},
	Year = {1998}}

@unpublished{Kratzer:2003,
	Author = {Angelika Kratzer},
	Date-Modified = {2014-04-06 19:35:06 +0000},
	Note = {Unpublished ms.},
	Title = {Choice functions in context},
	Year = {2003}}

@article{Reinhart:1997,
	Author = {Tanya Reinhart},
	Doi = {10.1023/A:1005349801431},
	Journal = {{Linguistics and Philosophy}},
	Number = {4},
	Pages = {335--397},
	Title = {{Quantifier Scope: How labor is Divided Between QR and Choice Functions}},
	Volume = {20},
	Year = {1997},
	Bdsk-Url-1 = {http://dx.doi.org/10.1023/A:1005349801431}}

@phdthesis{Ross:1967,
	Address = {Cambridge, MA},
	Author = {Ross, John},
	School = {Massachusetts Institute of Technology},
	Title = {Constraints on variables in syntax},
	Year = {1967}}

@book{Schwarzschild:1996,
	Address = {Dordrecht},
	Author = {Roger Schwarzschild},
	Publisher = {Kluwer Academic Publishers},
	Title = {Pluralities},
	Year = {1996}}

@unpublished{Solomon:2011,
	Author = {Michael Solomon},
	Date-Modified = {2014-04-06 19:35:22 +0000},
	Note = {Unpublished ms.},
	Title = {{True Distributivity and the Functional Interpretation of Indefinites}},
	Url = {http://semanticsarchive.net/Archive/zkxN2M4M/solomon-functional-indefinites.pdf},
	Year = {2011},
	Bdsk-Url-1 = {http://semanticsarchive.net/Archive/zkxN2M4M/solomon-functional-indefinites.pdf}}
